%YAML 1.1
%TAG !u! tag:unity3d.com,2011:
--- !u!1 &5908928197450305724
GameObject:
  m_ObjectHideFlags: 0
  m_CorrespondingSourceObject: {fileID: 0}
  m_PrefabInstance: {fileID: 0}
  m_PrefabAsset: {fileID: 0}
  serializedVersion: 6
  m_Component:
  - component: {fileID: 7231623471024202415}
  - component: {fileID: 1801692208144406681}
  - component: {fileID: 5349270231997129824}
  - component: {fileID: 2315951498904299136}
  - component: {fileID: 9053106996628972404}
  - component: {fileID: 8017407031686524156}
  m_Layer: 0
  m_Name: BasicShoePair
  m_TagString: Untagged
  m_Icon: {fileID: 0}
  m_NavMeshLayer: 0
  m_StaticEditorFlags: 0
  m_IsActive: 1
--- !u!4 &7231623471024202415
Transform:
  m_ObjectHideFlags: 0
  m_CorrespondingSourceObject: {fileID: 0}
  m_PrefabInstance: {fileID: 0}
  m_PrefabAsset: {fileID: 0}
  m_GameObject: {fileID: 5908928197450305724}
  m_LocalRotation: {x: 0, y: -0.7071068, z: 0, w: 0.7071068}
  m_LocalPosition: {x: 0.22249603, y: -0.0099957455, z: 0.03515625}
  m_LocalScale: {x: 1, y: 1, z: 1}
  m_Children:
  - {fileID: 7231623470731798632}
  m_Father: {fileID: 0}
  m_RootOrder: 0
  m_LocalEulerAnglesHint: {x: 0, y: -90, z: 0}
--- !u!33 &1801692208144406681
MeshFilter:
  m_ObjectHideFlags: 0
  m_CorrespondingSourceObject: {fileID: 0}
  m_PrefabInstance: {fileID: 0}
  m_PrefabAsset: {fileID: 0}
  m_GameObject: {fileID: 5908928197450305724}
  m_Mesh: {fileID: 6240419154858820604, guid: c2acdac876237f84e8f89754819dec45, type: 3}
--- !u!23 &5349270231997129824
MeshRenderer:
  m_ObjectHideFlags: 0
  m_CorrespondingSourceObject: {fileID: 0}
  m_PrefabInstance: {fileID: 0}
  m_PrefabAsset: {fileID: 0}
  m_GameObject: {fileID: 5908928197450305724}
  m_Enabled: 1
  m_CastShadows: 1
  m_ReceiveShadows: 1
  m_DynamicOccludee: 1
  m_StaticShadowCaster: 0
  m_MotionVectors: 1
  m_LightProbeUsage: 1
  m_ReflectionProbeUsage: 1
  m_RayTracingMode: 2
  m_RayTraceProcedural: 0
  m_RenderingLayerMask: 1
  m_RendererPriority: 0
  m_Materials:
  - {fileID: 2100000, guid: 5bc6b1bfaeba9f944bf41a1c66318c27, type: 2}
  m_StaticBatchInfo:
    firstSubMesh: 0
    subMeshCount: 0
  m_StaticBatchRoot: {fileID: 0}
  m_ProbeAnchor: {fileID: 0}
  m_LightProbeVolumeOverride: {fileID: 0}
  m_ScaleInLightmap: 1
  m_ReceiveGI: 1
  m_PreserveUVs: 0
  m_IgnoreNormalsForChartDetection: 0
  m_ImportantGI: 0
  m_StitchLightmapSeams: 1
  m_SelectedEditorRenderState: 3
  m_MinimumChartSize: 4
  m_AutoUVMaxDistance: 0.5
  m_AutoUVMaxAngle: 89
  m_LightmapParameters: {fileID: 0}
  m_SortingLayerID: 0
  m_SortingLayer: 0
  m_SortingOrder: 0
  m_AdditionalVertexStreams: {fileID: 0}
--- !u!65 &2315951498904299136
BoxCollider:
  m_ObjectHideFlags: 0
  m_CorrespondingSourceObject: {fileID: 0}
  m_PrefabInstance: {fileID: 0}
  m_PrefabAsset: {fileID: 0}
  m_GameObject: {fileID: 5908928197450305724}
  m_Material: {fileID: 0}
  m_IsTrigger: 0
  m_Enabled: 1
  serializedVersion: 2
  m_Size: {x: 0.35, y: 0.13, z: 0.38}
  m_Center: {x: 0.09, y: 0.065, z: 0}
--- !u!114 &9053106996628972404
MonoBehaviour:
  m_ObjectHideFlags: 0
  m_CorrespondingSourceObject: {fileID: 0}
  m_PrefabInstance: {fileID: 0}
  m_PrefabAsset: {fileID: 0}
  m_GameObject: {fileID: 5908928197450305724}
  m_Enabled: 1
  m_EditorHideFlags: 0
  m_Script: {fileID: 11500000, guid: ff412bc5692e0224e8f0e6696be8fc6d, type: 3}
  m_Name: 
  m_EditorClassIdentifier: 
  name: controller
  id: 0
  meshes:
  - {fileID: 5349270231997129824}
  - {fileID: 5349270231168347815}
  lod: {fileID: 8017407031686524156}
  rb: {fileID: 0}
  coll: {fileID: 2315951498904299136}
  altColl: {fileID: 0}
  flash: {fileID: 0}
  doorMovement: {fileID: 0}
  secondaryDoorMovement: {fileID: 0}
  thirdDoorMovement: {fileID: 0}
  lightController: {fileID: 0}
  steam: {fileID: 0}
  computer: {fileID: 0}
  securitySystem: {fileID: 0}
  fileSystem: {fileID: 0}
  pages: []
  particleSystem: {fileID: 0}
  lockParentOverride: {fileID: 0}
  lockedInTransformOffset: {x: 0, y: 0, z: 0}
  enableSwitchSync: 0
  switchSyncObjects: []
  isVisible: 1
  isCarriedByPlayer: 0
  carryProgress: 0
  physicsOn: 0
  minimumPhysicsTime: 0
  damageEligable: 0
  wasTrigger: 0
  lookAtTarget: {fileID: 0}
  interactionWindow: {fileID: 0}
  isDoor: {fileID: 0}
  isActor: {fileID: 0}
  belongsTo: {fileID: 0}
  isPhone: 0
  phoneReciever: {fileID: 0}
  particleSystemDistance: 20
  debugInteractable: []
  debugAngle: 0
  debugFurnitureAnchorNodePos: {x: 0, y: 0, z: 0}
  debugLocalPos: {x: 0, y: 0, z: 0}
  debugLocalEuler: {x: 0, y: 0, z: 0}
  debugWorldPos: {x: 0, y: 0, z: 0}
  debugInteractablePredictedWorldPos: {x: 0, y: 0, z: 0}
  debugNodeCoord: {x: 0, y: 0, z: 0}
  debugUsagePoint:
    useSetting:
      usageOffset: {x: 0, y: 0, z: 0.35}
      facingOffset: {x: 0, y: 0, z: 0}
      useNodeFloorPosition: 1
      useDoorBehaviour: 0
      useSittingOffset: 0
      useArmsStandingOffset: 0
    useageWorldPosition: {x: 0, y: 0, z: 0}
    worldLookAtPoint: {x: 0, y: 0, z: 0}
    debugDefaultSlot: {fileID: 0}
    debugSlot1: {fileID: 0}
    debugSlot2: {fileID: 0}
    slotLog: []
  debugOwnedBy: {fileID: 0}
  debugWrittenBy: {fileID: 0}
  debugReceivedBy: {fileID: 0}
  debugFurnitureOwnedBy: []
  debugSwitchState: 0
  debugState1: 0
  debugRoom: {fileID: 0}
  debugVent:
    ventID: 0
    ventType: 0
    room: {fileID: 0}
    group: {fileID: 0}
    mapButton: {fileID: 0}
    discovered: 0
    removed: 0
    spawned: {fileID: 0}
    debugNode: {x: 0, y: 0, z: 0}
    debugRoomNode: {x: 0, y: 0, z: 0}
  willBeSavedWithCity: 0
  willBeSavedWithState: 0
  isMainLight: 0
--- !u!205 &8017407031686524156
LODGroup:
  m_ObjectHideFlags: 0
  m_CorrespondingSourceObject: {fileID: 0}
  m_PrefabInstance: {fileID: 0}
  m_PrefabAsset: {fileID: 0}
  m_GameObject: {fileID: 5908928197450305724}
  serializedVersion: 2
  m_LocalReferencePoint: {x: 0.12161201, y: 0.10318822, z: 0.025729142}
  m_Size: 0.3632241
  m_FadeMode: 0
  m_AnimateCrossFading: 0
  m_LastLODIsBillboard: 0
  m_LODs:
  - screenRelativeHeight: 0.01
    fadeTransitionWidth: 0
    renderers:
    - renderer: {fileID: 5349270231997129824}
    - renderer: {fileID: 5349270231168347815}
  m_Enabled: 1
--- !u!1001 &2387285990948537202
PrefabInstance:
  m_ObjectHideFlags: 0
  serializedVersion: 2
  m_Modification:
    m_TransformParent: {fileID: 7231623471024202415}
    m_Modifications:
    - target: {fileID: -4216859302048453862, guid: c2acdac876237f84e8f89754819dec45,
        type: 3}
      propertyPath: m_RootOrder
      value: 0
      objectReference: {fileID: 0}
    - target: {fileID: -4216859302048453862, guid: c2acdac876237f84e8f89754819dec45,
        type: 3}
      propertyPath: m_LocalScale.x
      value: -1
      objectReference: {fileID: 0}
    - target: {fileID: -4216859302048453862, guid: c2acdac876237f84e8f89754819dec45,
        type: 3}
      propertyPath: m_LocalPosition.x
      value: 0.12
      objectReference: {fileID: 0}
    - target: {fileID: -4216859302048453862, guid: c2acdac876237f84e8f89754819dec45,
        type: 3}
      propertyPath: m_LocalPosition.y
      value: 0.047
      objectReference: {fileID: 0}
    - target: {fileID: -4216859302048453862, guid: c2acdac876237f84e8f89754819dec45,
        type: 3}
      propertyPath: m_LocalPosition.z
      value: 0.069
      objectReference: {fileID: 0}
    - target: {fileID: -4216859302048453862, guid: c2acdac876237f84e8f89754819dec45,
        type: 3}
      propertyPath: m_LocalRotation.w
      value: 0.8790093
      objectReference: {fileID: 0}
    - target: {fileID: -4216859302048453862, guid: c2acdac876237f84e8f89754819dec45,
        type: 3}
      propertyPath: m_LocalRotation.x
      value: -0.15452479
      objectReference: {fileID: 0}
    - target: {fileID: -4216859302048453862, guid: c2acdac876237f84e8f89754819dec45,
        type: 3}
      propertyPath: m_LocalRotation.y
      value: -0.44224173
      objectReference: {fileID: 0}
    - target: {fileID: -4216859302048453862, guid: c2acdac876237f84e8f89754819dec45,
        type: 3}
      propertyPath: m_LocalRotation.z
      value: -0.08880869
      objectReference: {fileID: 0}
    - target: {fileID: -4216859302048453862, guid: c2acdac876237f84e8f89754819dec45,
        type: 3}
      propertyPath: m_LocalEulerAnglesHint.x
      value: -20.5
      objectReference: {fileID: 0}
    - target: {fileID: -4216859302048453862, guid: c2acdac876237f84e8f89754819dec45,
        type: 3}
      propertyPath: m_LocalEulerAnglesHint.y
      value: -53.2
      objectReference: {fileID: 0}
    - target: {fileID: -4216859302048453862, guid: c2acdac876237f84e8f89754819dec45,
        type: 3}
      propertyPath: m_LocalEulerAnglesHint.z
      value: -1.19
      objectReference: {fileID: 0}
    - target: {fileID: -1504981713932161579, guid: c2acdac876237f84e8f89754819dec45,
        type: 3}
      propertyPath: m_Materials.Array.data[0]
      value: 
      objectReference: {fileID: 2100000, guid: 5bc6b1bfaeba9f944bf41a1c66318c27, type: 2}
    - target: {fileID: -927199367670048503, guid: c2acdac876237f84e8f89754819dec45,
        type: 3}
      propertyPath: m_Name
      value: BasicShoe
      objectReference: {fileID: 0}
    m_RemovedComponents:
    - {fileID: -6860895033569716450, guid: c2acdac876237f84e8f89754819dec45, type: 3}
  m_SourcePrefab: {fileID: 100100000, guid: c2acdac876237f84e8f89754819dec45, type: 3}
--- !u!4 &7231623470731798632 stripped
Transform:
  m_CorrespondingSourceObject: {fileID: -4216859302048453862, guid: c2acdac876237f84e8f89754819dec45,
    type: 3}
  m_PrefabInstance: {fileID: 2387285990948537202}
  m_PrefabAsset: {fileID: 0}
--- !u!23 &5349270231168347815 stripped
MeshRenderer:
  m_CorrespondingSourceObject: {fileID: -1504981713932161579, guid: c2acdac876237f84e8f89754819dec45,
    type: 3}
  m_PrefabInstance: {fileID: 2387285990948537202}
  m_PrefabAsset: {fileID: 0}
