%YAML 1.1
%TAG !u! tag:unity3d.com,2011:
--- !u!65 &5011996815236563547
BoxCollider:
  m_ObjectHideFlags: 0
  m_CorrespondingSourceObject: {fileID: 0}
  m_PrefabInstance: {fileID: 0}
  m_PrefabAsset: {fileID: 0}
  m_GameObject: {fileID: 1418283637903471461}
  m_Material: {fileID: 0}
  m_IsTrigger: 0
  m_Enabled: 1
  serializedVersion: 2
  m_Size: {x: 0.5, y: 1.0500001, z: 0.05}
  m_Center: {x: -0.25, y: 0.52500004, z: 0.025}
--- !u!114 &6863818738725226464
MonoBehaviour:
  m_ObjectHideFlags: 0
  m_CorrespondingSourceObject: {fileID: 0}
  m_PrefabInstance: {fileID: 0}
  m_PrefabAsset: {fileID: 0}
  m_GameObject: {fileID: 1418283637903471461}
  m_Enabled: 1
  m_EditorHideFlags: 0
  m_Script: {fileID: 11500000, guid: ff412bc5692e0224e8f0e6696be8fc6d, type: 3}
  m_Name: 
  m_EditorClassIdentifier: 
  name: controller
  id: 1
  rb: {fileID: 0}
  coll: {fileID: 5011996815236563547}
  flash: {fileID: 0}
  doorMovement: {fileID: 7556273474069631914}
  lightController: {fileID: 0}
  steam: {fileID: 0}
  computer: {fileID: 0}
  securitySystem: {fileID: 0}
  fileSystem: {fileID: 0}
  animations: []
  pages: []
  enableSwitchSync: 0
  switchSyncObjects: []
  isCarriedByPlayer: 0
  carryProgress: 0
  physicsOn: 0
  physicsRoomParent: {fileID: 0}
  damageEligable: 0
  lookAtTarget: {fileID: 0}
  interactionWindow: {fileID: 0}
  isDoor: {fileID: 0}
  isActor: {fileID: 0}
  belongsTo: {fileID: 0}
  isPhone: 0
  phoneReciever: {fileID: 0}
  debugAngle: 0
  debugFurnitureAnchorNodePos: {x: 0, y: 0, z: 0}
  debugLocalPos: {x: 0, y: 0, z: 0}
  debugLocalEuler: {x: 0, y: 0, z: 0}
  debugWorldPos: {x: 0, y: 0, z: 0}
  debugInteractablePredictedWorldPos: {x: 0, y: 0, z: 0}
  debugNodeCoord: {x: 0, y: 0, z: 0}
  debugUsagePoint:
    useSetting:
      usageOffset: {x: 0, y: 0, z: 0.35}
      facingOffset: {x: 0, y: 0, z: 0}
      useNodeFloorPosition: 1
      useDoorBehaviour: 0
    human: {fileID: 0}
    useageWorldPosition: {x: 0, y: 0, z: 0}
    worldLookAtPoint: {x: 0, y: 0, z: 0}
    tempRank: 0
  debugOwnedBy: {fileID: 0}
  debugSwitchState: 0
  debugState1: 0
  debugRoom: {fileID: 0}
  debugVent:
    ventID: 0
    ventType: 0
    room: {fileID: 0}
    group: {fileID: 0}
    mapButton: {fileID: 0}
    discovered: 0
    removed: 0
    spawned: {fileID: 0}
    debugNode: {x: 0, y: 0, z: 0}
    debugRoomNode: {x: 0, y: 0, z: 0}
--- !u!114 &7556273474069631914
MonoBehaviour:
  m_ObjectHideFlags: 0
  m_CorrespondingSourceObject: {fileID: 0}
  m_PrefabInstance: {fileID: 0}
  m_PrefabAsset: {fileID: 0}
  m_GameObject: {fileID: 1418283637903471461}
  m_Enabled: 1
  m_EditorHideFlags: 0
  m_Script: {fileID: 11500000, guid: 8c757c2ef43eeba4aac268219dc0f5ed, type: 3}
  m_Name: 
  m_EditorClassIdentifier: 
  door: {fileID: 2735260215957700982}
  closedLocalPos: {x: 0, y: 0, z: 0}
  openLocalPos: {x: 0, y: 0, z: 0}
  closedLocalEuler: {x: 0, y: 0, z: 0}
  openLocalEuler: {x: 0, y: 0, z: 0}
  closedLocalScale: {x: 0, y: 0, z: 0}
  openLocalScale: {x: 0, y: 0, z: 0}
  desiredPos: {x: 0, y: 0, z: 0}
  desiredEuler: {x: 0, y: 0, z: 0}
  desiredScale: {x: 0, y: 0, z: 0}
  preset: {fileID: 11400000, guid: 61c471ce4468550469f33888ed06f9d0, type: 2}
  desiredTransition: 0
  currentTransition: 0
  isOpen: 0
  interacting: {fileID: 0}
  isAnimating: 0
  isSetup: 0
  updateLoopingParams: 0
--- !u!1 &7361031660567797035
GameObject:
  m_ObjectHideFlags: 0
  m_CorrespondingSourceObject: {fileID: 0}
  m_PrefabInstance: {fileID: 0}
  m_PrefabAsset: {fileID: 0}
  serializedVersion: 6
  m_Component:
  - component: {fileID: 5799785931881508664}
  - component: {fileID: 3253846523952616718}
  - component: {fileID: 9086985624327432695}
  - component: {fileID: 3877451997629551420}
  m_Layer: 0
  m_Name: VintageSafe
  m_TagString: Untagged
  m_Icon: {fileID: 0}
  m_NavMeshLayer: 0
  m_StaticEditorFlags: 0
  m_IsActive: 1
--- !u!4 &5799785931881508664
Transform:
  m_ObjectHideFlags: 0
  m_CorrespondingSourceObject: {fileID: 0}
  m_PrefabInstance: {fileID: 0}
  m_PrefabAsset: {fileID: 0}
  m_GameObject: {fileID: 7361031660567797035}
  m_LocalRotation: {x: 0, y: 0, z: 0, w: 1}
  m_LocalPosition: {x: -56.658, y: -12.509999, z: -34.863}
  m_LocalScale: {x: 1, y: 1, z: 1}
  m_Children:
  - {fileID: 2735260215957700982}
  m_Father: {fileID: 0}
  m_RootOrder: 0
  m_LocalEulerAnglesHint: {x: 0, y: 0, z: 0}
--- !u!33 &3253846523952616718
MeshFilter:
  m_ObjectHideFlags: 0
  m_CorrespondingSourceObject: {fileID: 0}
  m_PrefabInstance: {fileID: 0}
  m_PrefabAsset: {fileID: 0}
  m_GameObject: {fileID: 7361031660567797035}
  m_Mesh: {fileID: 5311221139944650061, guid: 296d65312c763c14fb778298f8d522a8, type: 3}
--- !u!23 &9086985624327432695
MeshRenderer:
  m_ObjectHideFlags: 0
  m_CorrespondingSourceObject: {fileID: 0}
  m_PrefabInstance: {fileID: 0}
  m_PrefabAsset: {fileID: 0}
  m_GameObject: {fileID: 7361031660567797035}
  m_Enabled: 1
  m_CastShadows: 1
  m_ReceiveShadows: 1
  m_DynamicOccludee: 1
  m_MotionVectors: 1
  m_LightProbeUsage: 1
  m_ReflectionProbeUsage: 1
  m_RayTracingMode: 2
  m_RenderingLayerMask: 1
  m_RendererPriority: 0
  m_Materials:
  - {fileID: 2100000, guid: f41d9641a8411b5408fc2bd7423cdcf8, type: 2}
  m_StaticBatchInfo:
    firstSubMesh: 0
    subMeshCount: 0
  m_StaticBatchRoot: {fileID: 0}
  m_ProbeAnchor: {fileID: 0}
  m_LightProbeVolumeOverride: {fileID: 0}
  m_ScaleInLightmap: 1
  m_ReceiveGI: 1
  m_PreserveUVs: 0
  m_IgnoreNormalsForChartDetection: 0
  m_ImportantGI: 0
  m_StitchLightmapSeams: 1
  m_SelectedEditorRenderState: 3
  m_MinimumChartSize: 4
  m_AutoUVMaxDistance: 0.5
  m_AutoUVMaxAngle: 89
  m_LightmapParameters: {fileID: 0}
  m_SortingLayerID: 0
  m_SortingLayer: 0
  m_SortingOrder: 0
--- !u!64 &3877451997629551420
MeshCollider:
  m_ObjectHideFlags: 0
  m_CorrespondingSourceObject: {fileID: 0}
  m_PrefabInstance: {fileID: 0}
  m_PrefabAsset: {fileID: 0}
  m_GameObject: {fileID: 7361031660567797035}
  m_Material: {fileID: 0}
  m_IsTrigger: 0
  m_Enabled: 1
  serializedVersion: 4
  m_Convex: 0
  m_CookingOptions: 30
  m_Mesh: {fileID: 5311221139944650061, guid: 296d65312c763c14fb778298f8d522a8, type: 3}
--- !u!1001 &6957828749365832300
PrefabInstance:
  m_ObjectHideFlags: 0
  serializedVersion: 2
  m_Modification:
    m_TransformParent: {fileID: 5799785931881508664}
    m_Modifications:
    - target: {fileID: -4216859302048453862, guid: 1da45fdd0a799164cb10067f066b5d26,
        type: 3}
      propertyPath: m_LocalPosition.x
      value: 0.2
      objectReference: {fileID: 0}
    - target: {fileID: -4216859302048453862, guid: 1da45fdd0a799164cb10067f066b5d26,
        type: 3}
      propertyPath: m_LocalPosition.y
      value: 0.16
      objectReference: {fileID: 0}
    - target: {fileID: -4216859302048453862, guid: 1da45fdd0a799164cb10067f066b5d26,
        type: 3}
      propertyPath: m_LocalPosition.z
      value: -0.3
      objectReference: {fileID: 0}
    - target: {fileID: -4216859302048453862, guid: 1da45fdd0a799164cb10067f066b5d26,
        type: 3}
      propertyPath: m_LocalRotation.x
      value: 0
      objectReference: {fileID: 0}
    - target: {fileID: -4216859302048453862, guid: 1da45fdd0a799164cb10067f066b5d26,
        type: 3}
      propertyPath: m_LocalRotation.y
      value: 0
      objectReference: {fileID: 0}
    - target: {fileID: -4216859302048453862, guid: 1da45fdd0a799164cb10067f066b5d26,
        type: 3}
      propertyPath: m_LocalRotation.z
      value: 0
      objectReference: {fileID: 0}
    - target: {fileID: -4216859302048453862, guid: 1da45fdd0a799164cb10067f066b5d26,
        type: 3}
      propertyPath: m_LocalRotation.w
      value: 1
      objectReference: {fileID: 0}
    - target: {fileID: -4216859302048453862, guid: 1da45fdd0a799164cb10067f066b5d26,
        type: 3}
      propertyPath: m_RootOrder
      value: 0
      objectReference: {fileID: 0}
    - target: {fileID: -4216859302048453862, guid: 1da45fdd0a799164cb10067f066b5d26,
        type: 3}
      propertyPath: m_LocalEulerAnglesHint.x
      value: 0
      objectReference: {fileID: 0}
    - target: {fileID: -4216859302048453862, guid: 1da45fdd0a799164cb10067f066b5d26,
        type: 3}
      propertyPath: m_LocalEulerAnglesHint.y
      value: 0
      objectReference: {fileID: 0}
    - target: {fileID: -4216859302048453862, guid: 1da45fdd0a799164cb10067f066b5d26,
        type: 3}
      propertyPath: m_LocalEulerAnglesHint.z
      value: 0
      objectReference: {fileID: 0}
    - target: {fileID: -1504981713932161579, guid: 1da45fdd0a799164cb10067f066b5d26,
        type: 3}
      propertyPath: m_Materials.Array.data[0]
      value: 
      objectReference: {fileID: 2100000, guid: da11806d313083446b4bfea8a777961e, type: 2}
    - target: {fileID: -927199367670048503, guid: 1da45fdd0a799164cb10067f066b5d26,
        type: 3}
      propertyPath: m_Name
      value: VintageSafeDoor
      objectReference: {fileID: 0}
    m_RemovedComponents:
    - {fileID: -6860895033569716450, guid: 1da45fdd0a799164cb10067f066b5d26, type: 3}
  m_SourcePrefab: {fileID: 100100000, guid: 1da45fdd0a799164cb10067f066b5d26, type: 3}
--- !u!1 &1418283637903471461 stripped
GameObject:
  m_CorrespondingSourceObject: {fileID: -927199367670048503, guid: 1da45fdd0a799164cb10067f066b5d26,
    type: 3}
  m_PrefabInstance: {fileID: 6957828749365832300}
  m_PrefabAsset: {fileID: 0}
--- !u!4 &2735260215957700982 stripped
Transform:
  m_CorrespondingSourceObject: {fileID: -4216859302048453862, guid: 1da45fdd0a799164cb10067f066b5d26,
    type: 3}
  m_PrefabInstance: {fileID: 6957828749365832300}
  m_PrefabAsset: {fileID: 0}
