%YAML 1.1
%TAG !u! tag:unity3d.com,2011:
--- !u!114 &-9212014586647770649
MonoBehaviour:
  m_ObjectHideFlags: 3
  m_CorrespondingSourceObject: {fileID: 0}
  m_PrefabInstance: {fileID: 0}
  m_PrefabAsset: {fileID: 0}
  m_GameObject: {fileID: 0}
  m_Enabled: 1
  m_EditorHideFlags: 0
  m_Script: {fileID: 11500000, guid: a7649d9368d3a5c4ab8ad01a63e04962, type: 3}
  m_Name: ChannelMixer
  m_EditorClassIdentifier: 
  active: 1
  m_AdvancedMode: 0
  redOutRedIn:
    m_OverrideState: 0
    m_Value: 100
    min: -200
    max: 200
  redOutGreenIn:
    m_OverrideState: 0
    m_Value: 0
    min: -200
    max: 200
  redOutBlueIn:
    m_OverrideState: 0
    m_Value: 0
    min: -200
    max: 200
  greenOutRedIn:
    m_OverrideState: 0
    m_Value: 0
    min: -200
    max: 200
  greenOutGreenIn:
    m_OverrideState: 0
    m_Value: 100
    min: -200
    max: 200
  greenOutBlueIn:
    m_OverrideState: 0
    m_Value: 0
    min: -200
    max: 200
  blueOutRedIn:
    m_OverrideState: 0
    m_Value: 0
    min: -200
    max: 200
  blueOutGreenIn:
    m_OverrideState: 0
    m_Value: 0
    min: -200
    max: 200
  blueOutBlueIn:
    m_OverrideState: 0
    m_Value: 100
    min: -200
    max: 200
  m_SelectedChannel: 0
--- !u!114 &-7758341695173604670
MonoBehaviour:
  m_ObjectHideFlags: 3
  m_CorrespondingSourceObject: {fileID: 0}
  m_PrefabInstance: {fileID: 0}
  m_PrefabAsset: {fileID: 0}
  m_GameObject: {fileID: 0}
  m_Enabled: 1
  m_EditorHideFlags: 0
  m_Script: {fileID: 11500000, guid: da5ab44aadfb1804db5fd470983ac1b8, type: 3}
  m_Name: LiftGammaGain
  m_EditorClassIdentifier: 
  active: 1
  m_AdvancedMode: 0
  lift:
    m_OverrideState: 1
    m_Value: {x: 0.9995, y: 0.99, z: 1, w: 0.11612861}
  gamma:
    m_OverrideState: 1
    m_Value: {x: 1, y: 1, z: 1, w: 0.25738612}
  gain:
    m_OverrideState: 1
    m_Value: {x: 1, y: 0.9956667, z: 0.99, w: 0.28620446}
--- !u!114 &-7465414753045042308
MonoBehaviour:
  m_ObjectHideFlags: 3
  m_CorrespondingSourceObject: {fileID: 0}
  m_PrefabInstance: {fileID: 0}
  m_PrefabAsset: {fileID: 0}
  m_GameObject: {fileID: 0}
  m_Enabled: 1
  m_EditorHideFlags: 0
  m_Script: {fileID: 11500000, guid: 6b24b200358312b4fa1004e2431c2f1f, type: 3}
  m_Name: ShadowsMidtonesHighlights
  m_EditorClassIdentifier: 
  active: 1
  m_AdvancedMode: 0
  shadows:
    m_OverrideState: 1
    m_Value: {x: 0.83, y: 0.898, z: 1, w: 0.1811445}
  midtones:
    m_OverrideState: 1
    m_Value: {x: 0.9615, y: 0.93, z: 1, w: 9.914969e-11}
  highlights:
    m_OverrideState: 1
    m_Value: {x: 1, y: 0.9683333, z: 0.9, w: -0.061739687}
  shadowsStart:
    m_OverrideState: 0
    m_Value: 0
    min: 0
  shadowsEnd:
    m_OverrideState: 0
    m_Value: 1.46
    min: 0
  highlightsStart:
    m_OverrideState: 0
    m_Value: 0.55
    min: 0
  highlightsEnd:
    m_OverrideState: 0
    m_Value: 3.47
    min: 0
--- !u!114 &-5625374945763134651
MonoBehaviour:
  m_ObjectHideFlags: 3
  m_CorrespondingSourceObject: {fileID: 0}
  m_PrefabInstance: {fileID: 0}
  m_PrefabAsset: {fileID: 0}
  m_GameObject: {fileID: 0}
  m_Enabled: 1
  m_EditorHideFlags: 0
  m_Script: {fileID: 11500000, guid: 24f077503be6ae942a1e1245dbd53ea9, type: 3}
  m_Name: Bloom
  m_EditorClassIdentifier: 
  active: 1
  m_AdvancedMode: 1
  quality:
    m_OverrideState: 0
    m_Value: 1
  threshold:
    m_OverrideState: 0
    m_Value: 0
    min: 0
  intensity:
    m_OverrideState: 1
    m_Value: 0.151
    min: 0
    max: 1
  scatter:
    m_OverrideState: 1
    m_Value: 0.069
    min: 0
    max: 1
  tint:
    m_OverrideState: 0
    m_Value: {r: 1, g: 1, b: 1, a: 1}
    hdr: 0
    showAlpha: 0
    showEyeDropper: 1
  dirtTexture:
    m_OverrideState: 0
    m_Value: {fileID: 0}
  dirtIntensity:
    m_OverrideState: 0
    m_Value: 0
    min: 0
  anamorphic:
    m_OverrideState: 0
    m_Value: 0
  m_Resolution:
    m_OverrideState: 0
    m_Value: 2
  m_HighQualityPrefiltering:
    m_OverrideState: 0
    m_Value: 0
  m_HighQualityFiltering:
    m_OverrideState: 0
    m_Value: 1
--- !u!114 &-5532946937235818657
MonoBehaviour:
  m_ObjectHideFlags: 3
  m_CorrespondingSourceObject: {fileID: 0}
  m_PrefabInstance: {fileID: 0}
  m_PrefabAsset: {fileID: 0}
  m_GameObject: {fileID: 0}
  m_Enabled: 1
  m_EditorHideFlags: 0
  m_Script: {fileID: 11500000, guid: 4b8bcdf71d7fafa419fca1ed162f5fc9, type: 3}
  m_Name: ColorAdjustments
  m_EditorClassIdentifier: 
  active: 1
  m_AdvancedMode: 0
  postExposure:
    m_OverrideState: 1
    m_Value: 2.5
  contrast:
    m_OverrideState: 1
    m_Value: -20
    min: -100
    max: 100
  colorFilter:
    m_OverrideState: 0
    m_Value: {r: 2.297397, g: 2.297397, b: 2.297397, a: 1}
    hdr: 1
    showAlpha: 0
    showEyeDropper: 1
  hueShift:
    m_OverrideState: 0
    m_Value: 0
    min: -180
    max: 180
  saturation:
    m_OverrideState: 1
    m_Value: -5
    min: -100
    max: 100
--- !u!114 &-4899505975559484788
MonoBehaviour:
  m_ObjectHideFlags: 3
  m_CorrespondingSourceObject: {fileID: 0}
  m_PrefabInstance: {fileID: 0}
  m_PrefabAsset: {fileID: 0}
  m_GameObject: {fileID: 0}
  m_Enabled: 1
  m_EditorHideFlags: 0
  m_Script: {fileID: 11500000, guid: 9008a067f4d626c4d8bc4bc48f04bb89, type: 3}
  m_Name: AmbientOcclusion
  m_EditorClassIdentifier: 
  active: 1
  m_AdvancedMode: 0
  quality:
    m_OverrideState: 0
    m_Value: 0
  rayTracing:
    m_OverrideState: 0
    m_Value: 0
  intensity:
    m_OverrideState: 1
    m_Value: 2.36
    min: 0
    max: 4
  directLightingStrength:
    m_OverrideState: 1
    m_Value: 0.397
    min: 0
    max: 1
  radius:
    m_OverrideState: 1
    m_Value: 0.79
    min: 0.25
    max: 5
  spatialBilateralAggressiveness:
    m_OverrideState: 0
    m_Value: 0.15
    min: 0
    max: 1
  temporalAccumulation:
    m_OverrideState: 1
    m_Value: 1
  ghostingReduction:
    m_OverrideState: 1
    m_Value: 0.5
    min: 0
    max: 1
  blurSharpness:
    m_OverrideState: 0
    m_Value: 0.1
    min: 0
    max: 1
  layerMask:
    m_OverrideState: 0
    m_Value:
      serializedVersion: 2
      m_Bits: 4294967295
  m_StepCount:
    m_OverrideState: 0
    m_Value: 4
    min: 2
    max: 32
  m_FullResolution:
    m_OverrideState: 0
    m_Value: 0
  m_MaximumRadiusInPixels:
    m_OverrideState: 0
    m_Value: 32
    min: 16
    max: 256
  m_BilateralUpsample:
    m_OverrideState: 0
    m_Value: 0
  m_DirectionCount:
    m_OverrideState: 0
    m_Value: 1
    min: 1
    max: 6
  m_RayLength:
    m_OverrideState: 0
    m_Value: 0.5
    min: 0
  m_SampleCount:
    m_OverrideState: 0
    m_Value: 1
    min: 1
    max: 64
  m_Denoise:
    m_OverrideState: 0
    m_Value: 1
  m_DenoiserRadius:
    m_OverrideState: 0
    m_Value: 0.25
    min: 0.001
    max: 1
--- !u!114 &-1472376375592543022
MonoBehaviour:
  m_ObjectHideFlags: 3
  m_CorrespondingSourceObject: {fileID: 0}
  m_PrefabInstance: {fileID: 0}
  m_PrefabAsset: {fileID: 0}
  m_GameObject: {fileID: 0}
  m_Enabled: 1
  m_EditorHideFlags: 0
  m_Script: {fileID: 11500000, guid: 2c1be1b6c95cd2e41b27903b9270817f, type: 3}
  m_Name: Vignette
  m_EditorClassIdentifier: 
  active: 1
  m_AdvancedMode: 0
  mode:
    m_OverrideState: 0
    m_Value: 0
  color:
    m_OverrideState: 0
    m_Value: {r: 0, g: 0, b: 0, a: 1}
    hdr: 0
    showAlpha: 0
    showEyeDropper: 1
  center:
    m_OverrideState: 0
    m_Value: {x: 0.5, y: 0.5}
  intensity:
    m_OverrideState: 1
    m_Value: 0.541
    min: 0
    max: 1
  smoothness:
    m_OverrideState: 1
    m_Value: 0.608
    min: 0.01
    max: 1
  roundness:
    m_OverrideState: 1
    m_Value: 0.559
    min: 0
    max: 1
  rounded:
    m_OverrideState: 0
    m_Value: 0
  mask:
    m_OverrideState: 0
    m_Value: {fileID: 0}
  opacity:
    m_OverrideState: 0
    m_Value: 1
    min: 0
    max: 1
--- !u!114 &11400000
MonoBehaviour:
  m_ObjectHideFlags: 0
  m_CorrespondingSourceObject: {fileID: 0}
  m_PrefabInstance: {fileID: 0}
  m_PrefabAsset: {fileID: 0}
  m_GameObject: {fileID: 0}
  m_Enabled: 1
  m_EditorHideFlags: 0
  m_Script: {fileID: 11500000, guid: d7fd9488000d3734a9e00ee676215985, type: 3}
  m_Name: SceneCaptureCCTV
  m_EditorClassIdentifier: 
  components:
  - {fileID: 3663282881189601402}
  - {fileID: -4899505975559484788}
  - {fileID: -5625374945763134651}
  - {fileID: 8110822467034770897}
  - {fileID: 438914778216576555}
  - {fileID: -1472376375592543022}
  - {fileID: 7550652318244866635}
  - {fileID: -7465414753045042308}
  - {fileID: 5595940228050897347}
  - {fileID: 282458464475140445}
  - {fileID: -5532946937235818657}
  - {fileID: -7758341695173604670}
  - {fileID: 2638585390448939144}
  - {fileID: -9212014586647770649}
--- !u!114 &282458464475140445
MonoBehaviour:
  m_ObjectHideFlags: 3
  m_CorrespondingSourceObject: {fileID: 0}
  m_PrefabInstance: {fileID: 0}
  m_PrefabAsset: {fileID: 0}
  m_GameObject: {fileID: 0}
  m_Enabled: 1
  m_EditorHideFlags: 0
  m_Script: {fileID: 11500000, guid: 598e2d32e2c7b0c418e030c3236d663a, type: 3}
  m_Name: ChromaticAberration
  m_EditorClassIdentifier: 
  active: 1
  m_AdvancedMode: 0
  quality:
    m_OverrideState: 0
    m_Value: 1
  spectralLut:
    m_OverrideState: 0
    m_Value: {fileID: 0}
  intensity:
    m_OverrideState: 1
    m_Value: 0.4
    min: 0
    max: 1
  m_MaxSamples:
    m_OverrideState: 0
    m_Value: 6
    min: 3
    max: 24
--- !u!114 &438914778216576555
MonoBehaviour:
  m_ObjectHideFlags: 3
  m_CorrespondingSourceObject: {fileID: 0}
  m_PrefabInstance: {fileID: 0}
  m_PrefabAsset: {fileID: 0}
  m_GameObject: {fileID: 0}
  m_Enabled: 1
  m_EditorHideFlags: 0
  m_Script: {fileID: 11500000, guid: aaa3b8214f75b354e9ba2caadd022259, type: 3}
  m_Name: DepthOfField
  m_EditorClassIdentifier: 
  active: 1
  m_AdvancedMode: 0
  quality:
    m_OverrideState: 0
    m_Value: 1
  focusMode:
    m_OverrideState: 1
    m_Value: 0
  focusDistance:
    m_OverrideState: 0
    m_Value: 10
    min: 0.1
  nearFocusStart:
    m_OverrideState: 0
    m_Value: 0
    min: 0
  nearFocusEnd:
    m_OverrideState: 0
    m_Value: 4
    min: 0
  farFocusStart:
    m_OverrideState: 0
    m_Value: 10
    min: 0
  farFocusEnd:
    m_OverrideState: 0
    m_Value: 20
    min: 0
  m_NearSampleCount:
    m_OverrideState: 0
    m_Value: 5
    min: 3
    max: 8
  m_NearMaxBlur:
    m_OverrideState: 0
    m_Value: 4
    min: 0
    max: 8
  m_FarSampleCount:
    m_OverrideState: 0
    m_Value: 7
    min: 3
    max: 16
  m_FarMaxBlur:
    m_OverrideState: 0
    m_Value: 8
    min: 0
    max: 16
  m_HighQualityFiltering:
    m_OverrideState: 0
    m_Value: 1
  m_Resolution:
    m_OverrideState: 0
    m_Value: 2
  m_PhysicallyBased:
    m_OverrideState: 0
    m_Value: 0
--- !u!114 &2638585390448939144
MonoBehaviour:
  m_ObjectHideFlags: 3
  m_CorrespondingSourceObject: {fileID: 0}
  m_PrefabInstance: {fileID: 0}
  m_PrefabAsset: {fileID: 0}
  m_GameObject: {fileID: 0}
  m_Enabled: 1
  m_EditorHideFlags: 0
  m_Script: {fileID: 11500000, guid: 9c1bfcd0f0fa7b8468f281d6bbbaf320, type: 3}
  m_Name: LensDistortion
  m_EditorClassIdentifier: 
  active: 1
  m_AdvancedMode: 0
  intensity:
    m_OverrideState: 1
    m_Value: 0.3
    min: -1
    max: 1
  xMultiplier:
    m_OverrideState: 0
    m_Value: 1
    min: 0
    max: 1
  yMultiplier:
    m_OverrideState: 0
    m_Value: 1
    min: 0
    max: 1
  center:
    m_OverrideState: 0
    m_Value: {x: 0.5, y: 0.5}
  scale:
    m_OverrideState: 0
    m_Value: 1
    min: 0.01
    max: 5
--- !u!114 &3663282881189601402
MonoBehaviour:
  m_ObjectHideFlags: 3
  m_CorrespondingSourceObject: {fileID: 0}
  m_PrefabInstance: {fileID: 0}
  m_PrefabAsset: {fileID: 0}
  m_GameObject: {fileID: 0}
  m_Enabled: 1
  m_EditorHideFlags: 0
  m_Script: {fileID: 11500000, guid: 2d08ce26990eb1a4a9177b860541e702, type: 3}
  m_Name: Exposure
  m_EditorClassIdentifier: 
  active: 1
  m_AdvancedMode: 0
  mode:
    m_OverrideState: 1
    m_Value: 1
  meteringMode:
    m_OverrideState: 1
    m_Value: 2
  luminanceSource:
    m_OverrideState: 0
    m_Value: 1
  fixedExposure:
    m_OverrideState: 1
    m_Value: -3.1641953
  compensation:
    m_OverrideState: 0
    m_Value: 3.3
  limitMin:
    m_OverrideState: 0
    m_Value: 0
  limitMax:
    m_OverrideState: 0
    m_Value: 14
  curveMap:
    m_OverrideState: 0
    m_Value:
      serializedVersion: 2
      m_Curve:
      - serializedVersion: 3
        time: -10
        value: -10
        inSlope: 0
        outSlope: 1
        tangentMode: 0
        weightedMode: 0
        inWeight: 0
        outWeight: 0
      - serializedVersion: 3
        time: 20
        value: 20
        inSlope: 1
        outSlope: 0
        tangentMode: 0
        weightedMode: 0
        inWeight: 0
        outWeight: 0
      m_PreInfinity: 2
      m_PostInfinity: 2
      m_RotationOrder: 4
  limitMinCurveMap:
    m_OverrideState: 0
    m_Value:
      serializedVersion: 2
      m_Curve:
      - serializedVersion: 3
        time: -10
        value: -12
        inSlope: 0
        outSlope: 1
        tangentMode: 0
        weightedMode: 0
        inWeight: 0
        outWeight: 0
      - serializedVersion: 3
        time: 20
        value: 18
        inSlope: 1
        outSlope: 0
        tangentMode: 0
        weightedMode: 0
        inWeight: 0
        outWeight: 0
      m_PreInfinity: 2
      m_PostInfinity: 2
      m_RotationOrder: 4
  limitMaxCurveMap:
    m_OverrideState: 0
    m_Value:
      serializedVersion: 2
      m_Curve:
      - serializedVersion: 3
        time: -10
        value: -8
        inSlope: 0
        outSlope: 1
        tangentMode: 0
        weightedMode: 0
        inWeight: 0
        outWeight: 0
      - serializedVersion: 3
        time: 20
        value: 22
        inSlope: 1
        outSlope: 0
        tangentMode: 0
        weightedMode: 0
        inWeight: 0
        outWeight: 0
      m_PreInfinity: 2
      m_PostInfinity: 2
      m_RotationOrder: 4
  adaptationMode:
    m_OverrideState: 1
    m_Value: 0
  adaptationSpeedDarkToLight:
    m_OverrideState: 0
    m_Value: 3
    min: 0.001
  adaptationSpeedLightToDark:
    m_OverrideState: 0
    m_Value: 1
    min: 0.001
  weightTextureMask:
    m_OverrideState: 0
    m_Value: {fileID: 0}
  histogramPercentages:
    m_OverrideState: 0
    m_Value: {x: 40, y: 90}
    min: 0
    max: 100
  histogramUseCurveRemapping:
    m_OverrideState: 0
    m_Value: 0
  targetMidGray:
    m_OverrideState: 0
    m_Value: 0
  centerAroundExposureTarget:
    m_OverrideState: 0
    m_Value: 0
  proceduralCenter:
    m_OverrideState: 0
    m_Value: {x: 0.5, y: 0.5}
  proceduralRadii:
    m_OverrideState: 0
    m_Value: {x: 0.3, y: 0.3}
  maskMinIntensity:
    m_OverrideState: 0
    m_Value: -30
  maskMaxIntensity:
    m_OverrideState: 0
    m_Value: 30
  proceduralSoftness:
    m_OverrideState: 0
    m_Value: 0.5
    min: 0
--- !u!114 &5595940228050897347
MonoBehaviour:
  m_ObjectHideFlags: 3
  m_CorrespondingSourceObject: {fileID: 0}
  m_PrefabInstance: {fileID: 0}
  m_PrefabAsset: {fileID: 0}
  m_GameObject: {fileID: 0}
  m_Enabled: 1
  m_EditorHideFlags: 0
  m_Script: {fileID: 11500000, guid: bcf384b154398e341b6b29969c078198, type: 3}
  m_Name: MotionBlur
  m_EditorClassIdentifier: 
  active: 1
  m_AdvancedMode: 0
  quality:
    m_OverrideState: 0
    m_Value: 1
  intensity:
    m_OverrideState: 1
    m_Value: 0
    min: 0
  maximumVelocity:
    m_OverrideState: 0
    m_Value: 200
    min: 0
    max: 1500
  minimumVelocity:
    m_OverrideState: 0
    m_Value: 2
    min: 0
    max: 64
  cameraMotionBlur:
    m_OverrideState: 0
    m_Value: 1
  specialCameraClampMode:
    m_OverrideState: 0
    m_Value: 0
  cameraVelocityClamp:
    m_OverrideState: 0
    m_Value: 0.05
    min: 0
    max: 0.3
  cameraTranslationVelocityClamp:
    m_OverrideState: 0
    m_Value: 0.05
    min: 0
    max: 0.3
  cameraRotationVelocityClamp:
    m_OverrideState: 0
    m_Value: 0.03
    min: 0
    max: 0.3
  depthComparisonExtent:
    m_OverrideState: 0
    m_Value: 1
    min: 0
    max: 20
  m_SampleCount:
    m_OverrideState: 0
    m_Value: 8
    min: 2
--- !u!114 &7550652318244866635
MonoBehaviour:
  m_ObjectHideFlags: 3
  m_CorrespondingSourceObject: {fileID: 0}
  m_PrefabInstance: {fileID: 0}
  m_PrefabAsset: {fileID: 0}
  m_GameObject: {fileID: 0}
  m_Enabled: 1
  m_EditorHideFlags: 0
  m_Script: {fileID: 11500000, guid: f086a068d4c5889438831b3ae9afc11c, type: 3}
  m_Name: Tonemapping
  m_EditorClassIdentifier: 
  active: 1
  m_AdvancedMode: 0
  mode:
    m_OverrideState: 1
    m_Value: 2
  toeStrength:
    m_OverrideState: 0
    m_Value: 0
    min: 0
    max: 1
  toeLength:
    m_OverrideState: 0
    m_Value: 0.5
    min: 0
    max: 1
  shoulderStrength:
    m_OverrideState: 0
    m_Value: 0
    min: 0
    max: 1
  shoulderLength:
    m_OverrideState: 0
    m_Value: 0.5
    min: 0
  shoulderAngle:
    m_OverrideState: 0
    m_Value: 0
    min: 0
    max: 1
  gamma:
    m_OverrideState: 0
    m_Value: 1
    min: 0.001
  lutTexture:
    m_OverrideState: 0
    m_Value: {fileID: 0}
  lutContribution:
    m_OverrideState: 0
    m_Value: 1
    min: 0
    max: 1
--- !u!114 &8110822467034770897
MonoBehaviour:
  m_ObjectHideFlags: 3
  m_CorrespondingSourceObject: {fileID: 0}
  m_PrefabInstance: {fileID: 0}
  m_PrefabAsset: {fileID: 0}
  m_GameObject: {fileID: 0}
  m_Enabled: 1
  m_EditorHideFlags: 0
  m_Script: {fileID: 11500000, guid: 5a6b00fcf518bb94a90b408492e07b44, type: 3}
  m_Name: FilmGrain
  m_EditorClassIdentifier: 
  active: 1
  m_AdvancedMode: 0
  type:
    m_OverrideState: 1
    m_Value: 5
  intensity:
    m_OverrideState: 1
    m_Value: 0.105
    min: 0
    max: 1
  response:
    m_OverrideState: 1
    m_Value: 0.92
    min: 0
    max: 1
  texture:
    m_OverrideState: 0
    m_Value: {fileID: 0}
