%YAML 1.1
%TAG !u! tag:unity3d.com,2011:
--- !u!1 &874248949076630242
GameObject:
  m_ObjectHideFlags: 0
  m_CorrespondingSourceObject: {fileID: 0}
  m_PrefabInstance: {fileID: 0}
  m_PrefabAsset: {fileID: 0}
  serializedVersion: 6
  m_Component:
  - component: {fileID: 4213870691653413105}
  - component: {fileID: 5125566616878273223}
  - component: {fileID: 1449352885449698878}
  - component: {fileID: 6902097994550744309}
  m_Layer: 0
  m_Name: CoffeeTable
  m_TagString: Untagged
  m_Icon: {fileID: 0}
  m_NavMeshLayer: 0
  m_StaticEditorFlags: 0
  m_IsActive: 1
--- !u!4 &4213870691653413105
Transform:
  m_ObjectHideFlags: 0
  m_CorrespondingSourceObject: {fileID: 0}
  m_PrefabInstance: {fileID: 0}
  m_PrefabAsset: {fileID: 0}
  m_GameObject: {fileID: 874248949076630242}
  m_LocalRotation: {x: -0, y: -0, z: -0, w: 1}
  m_LocalPosition: {x: 6.466778, y: -0.009994046, z: -1.935009}
  m_LocalScale: {x: 1, y: 1, z: 1}
  m_Children:
  - {fileID: 9151342891090130974}
  m_Father: {fileID: 0}
  m_RootOrder: 0
  m_LocalEulerAnglesHint: {x: 0, y: 0, z: 0}
--- !u!33 &5125566616878273223
MeshFilter:
  m_ObjectHideFlags: 0
  m_CorrespondingSourceObject: {fileID: 0}
  m_PrefabInstance: {fileID: 0}
  m_PrefabAsset: {fileID: 0}
  m_GameObject: {fileID: 874248949076630242}
  m_Mesh: {fileID: -3111369690238915688, guid: 7be9fa021bc038044a355b8f6da9a970, type: 3}
--- !u!23 &1449352885449698878
MeshRenderer:
  m_ObjectHideFlags: 0
  m_CorrespondingSourceObject: {fileID: 0}
  m_PrefabInstance: {fileID: 0}
  m_PrefabAsset: {fileID: 0}
  m_GameObject: {fileID: 874248949076630242}
  m_Enabled: 1
  m_CastShadows: 1
  m_ReceiveShadows: 1
  m_DynamicOccludee: 1
  m_StaticShadowCaster: 0
  m_MotionVectors: 1
  m_LightProbeUsage: 1
  m_ReflectionProbeUsage: 1
  m_RayTracingMode: 2
  m_RayTraceProcedural: 0
  m_RenderingLayerMask: 1
  m_RendererPriority: 0
  m_Materials:
  - {fileID: 2100000, guid: b1c216cba89d6b845b36db73af27da75, type: 2}
  m_StaticBatchInfo:
    firstSubMesh: 0
    subMeshCount: 0
  m_StaticBatchRoot: {fileID: 0}
  m_ProbeAnchor: {fileID: 0}
  m_LightProbeVolumeOverride: {fileID: 0}
  m_ScaleInLightmap: 1
  m_ReceiveGI: 1
  m_PreserveUVs: 0
  m_IgnoreNormalsForChartDetection: 0
  m_ImportantGI: 0
  m_StitchLightmapSeams: 1
  m_SelectedEditorRenderState: 3
  m_MinimumChartSize: 4
  m_AutoUVMaxDistance: 0.5
  m_AutoUVMaxAngle: 89
  m_LightmapParameters: {fileID: 0}
  m_SortingLayerID: 0
  m_SortingLayer: 0
  m_SortingOrder: 0
  m_AdditionalVertexStreams: {fileID: 0}
--- !u!64 &6902097994550744309
MeshCollider:
  m_ObjectHideFlags: 0
  m_CorrespondingSourceObject: {fileID: 0}
  m_PrefabInstance: {fileID: 0}
  m_PrefabAsset: {fileID: 0}
  m_GameObject: {fileID: 874248949076630242}
  m_Material: {fileID: 0}
  m_IsTrigger: 0
  m_Enabled: 1
  serializedVersion: 4
  m_Convex: 0
  m_CookingOptions: 30
  m_Mesh: {fileID: -3111369690238915688, guid: 7be9fa021bc038044a355b8f6da9a970, type: 3}
--- !u!65 &2404454079120597219
BoxCollider:
  m_ObjectHideFlags: 0
  m_CorrespondingSourceObject: {fileID: 0}
  m_PrefabInstance: {fileID: 0}
  m_PrefabAsset: {fileID: 0}
  m_GameObject: {fileID: 8206640091840086079}
  m_Material: {fileID: 0}
  m_IsTrigger: 0
  m_Enabled: 1
  serializedVersion: 2
  m_Size: {x: 1.1500007, y: 2.5500011, z: 0.0000004410745}
  m_Center: {x: 0.075000115, y: 0.32500008, z: 0.02500004}
--- !u!1001 &9151342891309270841
PrefabInstance:
  m_ObjectHideFlags: 0
  serializedVersion: 2
  m_Modification:
    m_TransformParent: {fileID: 4213870691653413105}
    m_Modifications:
    - target: {fileID: 259014439, guid: a84d45da6b520c24ab5aa04acf6a24b7, type: 3}
      propertyPath: m_RootOrder
      value: 0
      objectReference: {fileID: 0}
    - target: {fileID: 259014439, guid: a84d45da6b520c24ab5aa04acf6a24b7, type: 3}
      propertyPath: m_LocalScale.x
      value: 0.6222028
      objectReference: {fileID: 0}
    - target: {fileID: 259014439, guid: a84d45da6b520c24ab5aa04acf6a24b7, type: 3}
      propertyPath: m_LocalScale.y
      value: 0.6222028
      objectReference: {fileID: 0}
    - target: {fileID: 259014439, guid: a84d45da6b520c24ab5aa04acf6a24b7, type: 3}
      propertyPath: m_LocalScale.z
      value: 0.6222028
      objectReference: {fileID: 0}
    - target: {fileID: 259014439, guid: a84d45da6b520c24ab5aa04acf6a24b7, type: 3}
      propertyPath: m_LocalPosition.x
      value: 0.2
      objectReference: {fileID: 0}
    - target: {fileID: 259014439, guid: a84d45da6b520c24ab5aa04acf6a24b7, type: 3}
      propertyPath: m_LocalPosition.y
      value: 0.556
      objectReference: {fileID: 0}
    - target: {fileID: 259014439, guid: a84d45da6b520c24ab5aa04acf6a24b7, type: 3}
      propertyPath: m_LocalPosition.z
      value: -0.151
      objectReference: {fileID: 0}
    - target: {fileID: 259014439, guid: a84d45da6b520c24ab5aa04acf6a24b7, type: 3}
      propertyPath: m_LocalRotation.w
      value: 0.5
      objectReference: {fileID: 0}
    - target: {fileID: 259014439, guid: a84d45da6b520c24ab5aa04acf6a24b7, type: 3}
      propertyPath: m_LocalRotation.x
      value: -0.5
      objectReference: {fileID: 0}
    - target: {fileID: 259014439, guid: a84d45da6b520c24ab5aa04acf6a24b7, type: 3}
      propertyPath: m_LocalRotation.y
      value: 0.50000006
      objectReference: {fileID: 0}
    - target: {fileID: 259014439, guid: a84d45da6b520c24ab5aa04acf6a24b7, type: 3}
      propertyPath: m_LocalRotation.z
      value: 0.50000006
      objectReference: {fileID: 0}
    - target: {fileID: 259014439, guid: a84d45da6b520c24ab5aa04acf6a24b7, type: 3}
      propertyPath: m_LocalEulerAnglesHint.x
      value: -90
      objectReference: {fileID: 0}
    - target: {fileID: 259014439, guid: a84d45da6b520c24ab5aa04acf6a24b7, type: 3}
      propertyPath: m_LocalEulerAnglesHint.y
      value: 90.00001
      objectReference: {fileID: 0}
    - target: {fileID: 259014439, guid: a84d45da6b520c24ab5aa04acf6a24b7, type: 3}
      propertyPath: m_LocalEulerAnglesHint.z
      value: 0
      objectReference: {fileID: 0}
    - target: {fileID: 1072928123115439878, guid: a84d45da6b520c24ab5aa04acf6a24b7,
        type: 3}
      propertyPath: m_Name
      value: WindowGlassClear
      objectReference: {fileID: 0}
    - target: {fileID: 7058747606982270730, guid: a84d45da6b520c24ab5aa04acf6a24b7,
        type: 3}
      propertyPath: m_Center.y
      value: 0.2
      objectReference: {fileID: 0}
    - target: {fileID: 7058747606982270730, guid: a84d45da6b520c24ab5aa04acf6a24b7,
        type: 3}
      propertyPath: m_Center.z
      value: 0
      objectReference: {fileID: 0}
    m_RemovedComponents:
    - {fileID: 7058747606982270730, guid: a84d45da6b520c24ab5aa04acf6a24b7, type: 3}
  m_SourcePrefab: {fileID: 100100000, guid: a84d45da6b520c24ab5aa04acf6a24b7, type: 3}
--- !u!1 &8206640091840086079 stripped
GameObject:
  m_CorrespondingSourceObject: {fileID: 1072928123115439878, guid: a84d45da6b520c24ab5aa04acf6a24b7,
    type: 3}
  m_PrefabInstance: {fileID: 9151342891309270841}
  m_PrefabAsset: {fileID: 0}
--- !u!4 &9151342891090130974 stripped
Transform:
  m_CorrespondingSourceObject: {fileID: 259014439, guid: a84d45da6b520c24ab5aa04acf6a24b7,
    type: 3}
  m_PrefabInstance: {fileID: 9151342891309270841}
  m_PrefabAsset: {fileID: 0}
