%YAML 1.1
%TAG !u! tag:unity3d.com,2011:
--- !u!1 &1039673343679368744
GameObject:
  m_ObjectHideFlags: 0
  m_CorrespondingSourceObject: {fileID: 0}
  m_PrefabInstance: {fileID: 0}
  m_PrefabAsset: {fileID: 0}
  serializedVersion: 6
  m_Component:
  - component: {fileID: 8384020350261576129}
  m_Layer: 0
  m_Name: LargeKnife
  m_TagString: Untagged
  m_Icon: {fileID: 0}
  m_NavMeshLayer: 0
  m_StaticEditorFlags: 0
  m_IsActive: 1
--- !u!4 &8384020350261576129
Transform:
  m_ObjectHideFlags: 0
  m_CorrespondingSourceObject: {fileID: 0}
  m_PrefabInstance: {fileID: 0}
  m_PrefabAsset: {fileID: 0}
  m_GameObject: {fileID: 1039673343679368744}
  m_LocalRotation: {x: -0.5, y: -0.5, z: -0.5, w: 0.5}
  m_LocalPosition: {x: 0.0356, y: 0.1578, z: 0}
  m_LocalScale: {x: 1, y: 1, z: 1}
  m_Children:
  - {fileID: 3468681524606325815}
  m_Father: {fileID: 8619826342757012669}
  m_RootOrder: 0
  m_LocalEulerAnglesHint: {x: -90, y: -90, z: 0}
--- !u!1 &2497076941781837277
GameObject:
  m_ObjectHideFlags: 0
  m_CorrespondingSourceObject: {fileID: 0}
  m_PrefabInstance: {fileID: 0}
  m_PrefabAsset: {fileID: 0}
  serializedVersion: 6
  m_Component:
  - component: {fileID: 4911153853654312380}
  m_Layer: 0
  m_Name: SmallKnife (1)
  m_TagString: Untagged
  m_Icon: {fileID: 0}
  m_NavMeshLayer: 0
  m_StaticEditorFlags: 0
  m_IsActive: 1
--- !u!4 &4911153853654312380
Transform:
  m_ObjectHideFlags: 0
  m_CorrespondingSourceObject: {fileID: 0}
  m_PrefabInstance: {fileID: 0}
  m_PrefabAsset: {fileID: 0}
  m_GameObject: {fileID: 2497076941781837277}
  m_LocalRotation: {x: -0.5, y: -0.5, z: -0.5, w: 0.5}
  m_LocalPosition: {x: -0.0555, y: 0.1724, z: 0}
  m_LocalScale: {x: 1, y: 1, z: 1}
  m_Children:
  - {fileID: 488956998229806784}
  m_Father: {fileID: 8619826342757012669}
  m_RootOrder: 3
  m_LocalEulerAnglesHint: {x: -90, y: -90, z: 0}
--- !u!1 &6313900376879911126
GameObject:
  m_ObjectHideFlags: 0
  m_CorrespondingSourceObject: {fileID: 0}
  m_PrefabInstance: {fileID: 0}
  m_PrefabAsset: {fileID: 0}
  serializedVersion: 6
  m_Component:
  - component: {fileID: 385993835035219437}
  m_Layer: 0
  m_Name: SmallKnife
  m_TagString: Untagged
  m_Icon: {fileID: 0}
  m_NavMeshLayer: 0
  m_StaticEditorFlags: 0
  m_IsActive: 1
--- !u!4 &385993835035219437
Transform:
  m_ObjectHideFlags: 0
  m_CorrespondingSourceObject: {fileID: 0}
  m_PrefabInstance: {fileID: 0}
  m_PrefabAsset: {fileID: 0}
  m_GameObject: {fileID: 6313900376879911126}
  m_LocalRotation: {x: -0.5, y: -0.5, z: -0.5, w: 0.5}
  m_LocalPosition: {x: -0.025, y: 0.1724, z: 0}
  m_LocalScale: {x: 1, y: 1, z: 1}
  m_Children:
  - {fileID: 2369609951825901939}
  m_Father: {fileID: 8619826342757012669}
  m_RootOrder: 2
  m_LocalEulerAnglesHint: {x: -90, y: -90, z: 0}
--- !u!1 &7870453740462651067
GameObject:
  m_ObjectHideFlags: 0
  m_CorrespondingSourceObject: {fileID: 0}
  m_PrefabInstance: {fileID: 0}
  m_PrefabAsset: {fileID: 0}
  serializedVersion: 6
  m_Component:
  - component: {fileID: 1811975055446332826}
  m_Layer: 0
  m_Name: LargeKnife (1)
  m_TagString: Untagged
  m_Icon: {fileID: 0}
  m_NavMeshLayer: 0
  m_StaticEditorFlags: 0
  m_IsActive: 1
--- !u!4 &1811975055446332826
Transform:
  m_ObjectHideFlags: 0
  m_CorrespondingSourceObject: {fileID: 0}
  m_PrefabInstance: {fileID: 0}
  m_PrefabAsset: {fileID: 0}
  m_GameObject: {fileID: 7870453740462651067}
  m_LocalRotation: {x: -0.5, y: -0.5, z: -0.5, w: 0.5}
  m_LocalPosition: {x: 0.0051, y: 0.1578, z: 0}
  m_LocalScale: {x: 1, y: 1, z: 1}
  m_Children:
  - {fileID: 5910791884333978815}
  m_Father: {fileID: 8619826342757012669}
  m_RootOrder: 1
  m_LocalEulerAnglesHint: {x: -90, y: -90, z: 0}
--- !u!1 &8994839434266824199
GameObject:
  m_ObjectHideFlags: 0
  m_CorrespondingSourceObject: {fileID: 0}
  m_PrefabInstance: {fileID: 0}
  m_PrefabAsset: {fileID: 0}
  serializedVersion: 6
  m_Component:
  - component: {fileID: 8619826342757012669}
  - component: {fileID: 4625229763325795096}
  - component: {fileID: 7481862988061339602}
  - component: {fileID: 6913494719199069534}
  - component: {fileID: 2617148642083305330}
  m_Layer: 0
  m_Name: KnifeBlock
  m_TagString: Untagged
  m_Icon: {fileID: 0}
  m_NavMeshLayer: 0
  m_StaticEditorFlags: 0
  m_IsActive: 1
--- !u!4 &8619826342757012669
Transform:
  m_ObjectHideFlags: 0
  m_CorrespondingSourceObject: {fileID: 0}
  m_PrefabInstance: {fileID: 0}
  m_PrefabAsset: {fileID: 0}
  m_GameObject: {fileID: 8994839434266824199}
  m_LocalRotation: {x: -0, y: -0, z: -0, w: 1}
  m_LocalPosition: {x: -3.780651, y: 0.9499999, z: -3.7006035}
  m_LocalScale: {x: 1, y: 1, z: 1}
  m_Children:
  - {fileID: 8384020350261576129}
  - {fileID: 1811975055446332826}
  - {fileID: 385993835035219437}
  - {fileID: 4911153853654312380}
  m_Father: {fileID: 0}
  m_RootOrder: 0
  m_LocalEulerAnglesHint: {x: 0, y: 0, z: 0}
--- !u!33 &4625229763325795096
MeshFilter:
  m_ObjectHideFlags: 0
  m_CorrespondingSourceObject: {fileID: 0}
  m_PrefabInstance: {fileID: 0}
  m_PrefabAsset: {fileID: 0}
  m_GameObject: {fileID: 8994839434266824199}
  m_Mesh: {fileID: -7417066943158676455, guid: 15517113bbfe02f4bb02da07d5ef9656, type: 3}
--- !u!23 &7481862988061339602
MeshRenderer:
  m_ObjectHideFlags: 0
  m_CorrespondingSourceObject: {fileID: 0}
  m_PrefabInstance: {fileID: 0}
  m_PrefabAsset: {fileID: 0}
  m_GameObject: {fileID: 8994839434266824199}
  m_Enabled: 1
  m_CastShadows: 1
  m_ReceiveShadows: 1
  m_DynamicOccludee: 1
  m_StaticShadowCaster: 0
  m_MotionVectors: 1
  m_LightProbeUsage: 1
  m_ReflectionProbeUsage: 1
  m_RayTracingMode: 2
  m_RayTraceProcedural: 0
  m_RenderingLayerMask: 257
  m_RendererPriority: 0
  m_Materials:
  - {fileID: 2100000, guid: fa7d61fdfa8831a4984a34d9189bf3df, type: 2}
  m_StaticBatchInfo:
    firstSubMesh: 0
    subMeshCount: 0
  m_StaticBatchRoot: {fileID: 0}
  m_ProbeAnchor: {fileID: 0}
  m_LightProbeVolumeOverride: {fileID: 0}
  m_ScaleInLightmap: 1
  m_ReceiveGI: 1
  m_PreserveUVs: 0
  m_IgnoreNormalsForChartDetection: 0
  m_ImportantGI: 0
  m_StitchLightmapSeams: 1
  m_SelectedEditorRenderState: 3
  m_MinimumChartSize: 4
  m_AutoUVMaxDistance: 0.5
  m_AutoUVMaxAngle: 89
  m_LightmapParameters: {fileID: 0}
  m_SortingLayerID: 0
  m_SortingLayer: 0
  m_SortingOrder: 0
  m_AdditionalVertexStreams: {fileID: 0}
--- !u!64 &6913494719199069534
MeshCollider:
  m_ObjectHideFlags: 0
  m_CorrespondingSourceObject: {fileID: 0}
  m_PrefabInstance: {fileID: 0}
  m_PrefabAsset: {fileID: 0}
  m_GameObject: {fileID: 8994839434266824199}
  m_Material: {fileID: 0}
  m_IsTrigger: 0
  m_Enabled: 1
  serializedVersion: 4
  m_Convex: 1
  m_CookingOptions: 30
  m_Mesh: {fileID: -7417066943158676455, guid: 15517113bbfe02f4bb02da07d5ef9656, type: 3}
--- !u!114 &2617148642083305330
MonoBehaviour:
  m_ObjectHideFlags: 0
  m_CorrespondingSourceObject: {fileID: 0}
  m_PrefabInstance: {fileID: 0}
  m_PrefabAsset: {fileID: 0}
  m_GameObject: {fileID: 8994839434266824199}
  m_Enabled: 1
  m_EditorHideFlags: 0
  m_Script: {fileID: 11500000, guid: ff412bc5692e0224e8f0e6696be8fc6d, type: 3}
  m_Name: 
  m_EditorClassIdentifier: 
  name: controller
  id: 0
  meshes:
  - {fileID: 7481862988061339602}
  - {fileID: 2335142402836213592}
  - {fileID: 4777322197823975376}
  - {fileID: 3506517879645258268}
  - {fileID: 1621914960457250223}
  lod: {fileID: 7542628268031912213}
  rb: {fileID: 0}
  coll: {fileID: 6913494719199069534}
  altColl: {fileID: 0}
  flash: {fileID: 0}
  doorMovement: {fileID: 0}
  secondaryDoorMovement: {fileID: 0}
  thirdDoorMovement: {fileID: 0}
  lightController: {fileID: 0}
  steam: {fileID: 0}
  computer: {fileID: 0}
  securitySystem: {fileID: 0}
  fileSystem: {fileID: 0}
  pages: []
  particleSystem: {fileID: 0}
  lockParentOverride: {fileID: 0}
  lockedInTransformOffset: {x: 0, y: 0, z: 0}
  enableSwitchSync: 0
  switchSyncObjects: []
  isVisible: 1
  isCarriedByPlayer: 0
  carryProgress: 0
  physicsOn: 0
  minimumPhysicsTime: 0
  damageEligable: 0
  wasTrigger: 0
  lookAtTarget: {fileID: 0}
  interactionWindow: {fileID: 0}
  isDoor: {fileID: 0}
  isActor: {fileID: 0}
  belongsTo: {fileID: 0}
  isPhone: 0
  phoneReciever: {fileID: 0}
  particleSystemDistance: 20
  debugInteractable: []
  debugAngle: 0
  debugFurnitureAnchorNodePos: {x: 0, y: 0, z: 0}
  debugLocalPos: {x: 0, y: 0, z: 0}
  debugLocalEuler: {x: 0, y: 0, z: 0}
  debugWorldPos: {x: 0, y: 0, z: 0}
  debugInteractablePredictedWorldPos: {x: 0, y: 0, z: 0}
  debugNodeCoord: {x: 0, y: 0, z: 0}
  debugUsagePoint:
    useSetting:
      usageOffset: {x: 0, y: 0, z: 0.35}
      facingOffset: {x: 0, y: 0, z: 0}
      useNodeFloorPosition: 1
      useDoorBehaviour: 0
      useSittingOffset: 0
      useArmsStandingOffset: 0
    useageWorldPosition: {x: 0, y: 0, z: 0}
    worldLookAtPoint: {x: 0, y: 0, z: 0}
    debugDefaultSlot: {fileID: 0}
    debugSlot1: {fileID: 0}
    debugSlot2: {fileID: 0}
    slotLog: []
  debugOwnedBy: {fileID: 0}
  debugWrittenBy: {fileID: 0}
  debugReceivedBy: {fileID: 0}
  debugFurnitureOwnedBy: []
  debugSwitchState: 0
  debugState1: 0
  debugRoom: {fileID: 0}
  debugVent:
    ventID: 0
    ventType: 0
    room: {fileID: 0}
    group: {fileID: 0}
    mapButton: {fileID: 0}
    discovered: 0
    removed: 0
    spawned: {fileID: 0}
    debugNode: {x: 0, y: 0, z: 0}
    debugRoomNode: {x: 0, y: 0, z: 0}
  willBeSavedWithCity: 0
  willBeSavedWithState: 0
  isMainLight: 0
--- !u!1001 &699555111945441379
PrefabInstance:
  m_ObjectHideFlags: 0
  serializedVersion: 2
  m_Modification:
    m_TransformParent: {fileID: 1811975055446332826}
    m_Modifications:
    - target: {fileID: 5834933251103022694, guid: c37583552db7f6c41b3082c183daf19f,
        type: 3}
      propertyPath: m_Name
      value: KitchenKnifeLarge
      objectReference: {fileID: 0}
    - target: {fileID: 6607352726129738972, guid: c37583552db7f6c41b3082c183daf19f,
        type: 3}
      propertyPath: m_RootOrder
      value: 0
      objectReference: {fileID: 0}
    - target: {fileID: 6607352726129738972, guid: c37583552db7f6c41b3082c183daf19f,
        type: 3}
      propertyPath: m_LocalPosition.x
      value: 0
      objectReference: {fileID: 0}
    - target: {fileID: 6607352726129738972, guid: c37583552db7f6c41b3082c183daf19f,
        type: 3}
      propertyPath: m_LocalPosition.y
      value: 0
      objectReference: {fileID: 0}
    - target: {fileID: 6607352726129738972, guid: c37583552db7f6c41b3082c183daf19f,
        type: 3}
      propertyPath: m_LocalPosition.z
      value: 0
      objectReference: {fileID: 0}
    - target: {fileID: 6607352726129738972, guid: c37583552db7f6c41b3082c183daf19f,
        type: 3}
      propertyPath: m_LocalRotation.w
      value: 1
      objectReference: {fileID: 0}
    - target: {fileID: 6607352726129738972, guid: c37583552db7f6c41b3082c183daf19f,
        type: 3}
      propertyPath: m_LocalRotation.x
      value: -0
      objectReference: {fileID: 0}
    - target: {fileID: 6607352726129738972, guid: c37583552db7f6c41b3082c183daf19f,
        type: 3}
      propertyPath: m_LocalRotation.y
      value: -0
      objectReference: {fileID: 0}
    - target: {fileID: 6607352726129738972, guid: c37583552db7f6c41b3082c183daf19f,
        type: 3}
      propertyPath: m_LocalRotation.z
      value: -0
      objectReference: {fileID: 0}
    - target: {fileID: 6607352726129738972, guid: c37583552db7f6c41b3082c183daf19f,
        type: 3}
      propertyPath: m_LocalEulerAnglesHint.x
      value: 0
      objectReference: {fileID: 0}
    - target: {fileID: 6607352726129738972, guid: c37583552db7f6c41b3082c183daf19f,
        type: 3}
      propertyPath: m_LocalEulerAnglesHint.y
      value: 0
      objectReference: {fileID: 0}
    - target: {fileID: 6607352726129738972, guid: c37583552db7f6c41b3082c183daf19f,
        type: 3}
      propertyPath: m_LocalEulerAnglesHint.z
      value: 0
      objectReference: {fileID: 0}
    m_RemovedComponents: []
  m_SourcePrefab: {fileID: 100100000, guid: c37583552db7f6c41b3082c183daf19f, type: 3}
--- !u!4 &5910791884333978815 stripped
Transform:
  m_CorrespondingSourceObject: {fileID: 6607352726129738972, guid: c37583552db7f6c41b3082c183daf19f,
    type: 3}
  m_PrefabInstance: {fileID: 699555111945441379}
  m_PrefabAsset: {fileID: 0}
--- !u!23 &4777322197823975376 stripped
MeshRenderer:
  m_CorrespondingSourceObject: {fileID: 5474447026138906547, guid: c37583552db7f6c41b3082c183daf19f,
    type: 3}
  m_PrefabInstance: {fileID: 699555111945441379}
  m_PrefabAsset: {fileID: 0}
--- !u!1001 &2178497907954236138
PrefabInstance:
  m_ObjectHideFlags: 0
  serializedVersion: 2
  m_Modification:
    m_TransformParent: {fileID: 385993835035219437}
    m_Modifications:
    - target: {fileID: 3860375776535468323, guid: d1c783e0d0072134b9f5883c4e6d057a,
        type: 3}
      propertyPath: m_Name
      value: KitchenKnifeSmall
      objectReference: {fileID: 0}
    - target: {fileID: 4528686068854883225, guid: d1c783e0d0072134b9f5883c4e6d057a,
        type: 3}
      propertyPath: m_RootOrder
      value: 0
      objectReference: {fileID: 0}
    - target: {fileID: 4528686068854883225, guid: d1c783e0d0072134b9f5883c4e6d057a,
        type: 3}
      propertyPath: m_LocalPosition.x
      value: 0
      objectReference: {fileID: 0}
    - target: {fileID: 4528686068854883225, guid: d1c783e0d0072134b9f5883c4e6d057a,
        type: 3}
      propertyPath: m_LocalPosition.y
      value: 0
      objectReference: {fileID: 0}
    - target: {fileID: 4528686068854883225, guid: d1c783e0d0072134b9f5883c4e6d057a,
        type: 3}
      propertyPath: m_LocalPosition.z
      value: 0
      objectReference: {fileID: 0}
    - target: {fileID: 4528686068854883225, guid: d1c783e0d0072134b9f5883c4e6d057a,
        type: 3}
      propertyPath: m_LocalRotation.w
      value: 1
      objectReference: {fileID: 0}
    - target: {fileID: 4528686068854883225, guid: d1c783e0d0072134b9f5883c4e6d057a,
        type: 3}
      propertyPath: m_LocalRotation.x
      value: -0
      objectReference: {fileID: 0}
    - target: {fileID: 4528686068854883225, guid: d1c783e0d0072134b9f5883c4e6d057a,
        type: 3}
      propertyPath: m_LocalRotation.y
      value: -0
      objectReference: {fileID: 0}
    - target: {fileID: 4528686068854883225, guid: d1c783e0d0072134b9f5883c4e6d057a,
        type: 3}
      propertyPath: m_LocalRotation.z
      value: -0
      objectReference: {fileID: 0}
    - target: {fileID: 4528686068854883225, guid: d1c783e0d0072134b9f5883c4e6d057a,
        type: 3}
      propertyPath: m_LocalEulerAnglesHint.x
      value: 0
      objectReference: {fileID: 0}
    - target: {fileID: 4528686068854883225, guid: d1c783e0d0072134b9f5883c4e6d057a,
        type: 3}
      propertyPath: m_LocalEulerAnglesHint.y
      value: 0
      objectReference: {fileID: 0}
    - target: {fileID: 4528686068854883225, guid: d1c783e0d0072134b9f5883c4e6d057a,
        type: 3}
      propertyPath: m_LocalEulerAnglesHint.z
      value: 0
      objectReference: {fileID: 0}
    m_RemovedComponents: []
  m_SourcePrefab: {fileID: 100100000, guid: d1c783e0d0072134b9f5883c4e6d057a, type: 3}
--- !u!4 &2369609951825901939 stripped
Transform:
  m_CorrespondingSourceObject: {fileID: 4528686068854883225, guid: d1c783e0d0072134b9f5883c4e6d057a,
    type: 3}
  m_PrefabInstance: {fileID: 2178497907954236138}
  m_PrefabAsset: {fileID: 0}
--- !u!23 &3506517879645258268 stripped
MeshRenderer:
  m_CorrespondingSourceObject: {fileID: 3355800889125566710, guid: d1c783e0d0072134b9f5883c4e6d057a,
    type: 3}
  m_PrefabInstance: {fileID: 2178497907954236138}
  m_PrefabAsset: {fileID: 0}
--- !u!1001 &4039729075344297305
PrefabInstance:
  m_ObjectHideFlags: 0
  serializedVersion: 2
  m_Modification:
    m_TransformParent: {fileID: 4911153853654312380}
    m_Modifications:
    - target: {fileID: 3860375776535468323, guid: d1c783e0d0072134b9f5883c4e6d057a,
        type: 3}
      propertyPath: m_Name
      value: KitchenKnifeSmall
      objectReference: {fileID: 0}
    - target: {fileID: 4528686068854883225, guid: d1c783e0d0072134b9f5883c4e6d057a,
        type: 3}
      propertyPath: m_RootOrder
      value: 0
      objectReference: {fileID: 0}
    - target: {fileID: 4528686068854883225, guid: d1c783e0d0072134b9f5883c4e6d057a,
        type: 3}
      propertyPath: m_LocalPosition.x
      value: 0
      objectReference: {fileID: 0}
    - target: {fileID: 4528686068854883225, guid: d1c783e0d0072134b9f5883c4e6d057a,
        type: 3}
      propertyPath: m_LocalPosition.y
      value: 0
      objectReference: {fileID: 0}
    - target: {fileID: 4528686068854883225, guid: d1c783e0d0072134b9f5883c4e6d057a,
        type: 3}
      propertyPath: m_LocalPosition.z
      value: 0
      objectReference: {fileID: 0}
    - target: {fileID: 4528686068854883225, guid: d1c783e0d0072134b9f5883c4e6d057a,
        type: 3}
      propertyPath: m_LocalRotation.w
      value: 1
      objectReference: {fileID: 0}
    - target: {fileID: 4528686068854883225, guid: d1c783e0d0072134b9f5883c4e6d057a,
        type: 3}
      propertyPath: m_LocalRotation.x
      value: -0
      objectReference: {fileID: 0}
    - target: {fileID: 4528686068854883225, guid: d1c783e0d0072134b9f5883c4e6d057a,
        type: 3}
      propertyPath: m_LocalRotation.y
      value: -0
      objectReference: {fileID: 0}
    - target: {fileID: 4528686068854883225, guid: d1c783e0d0072134b9f5883c4e6d057a,
        type: 3}
      propertyPath: m_LocalRotation.z
      value: -0
      objectReference: {fileID: 0}
    - target: {fileID: 4528686068854883225, guid: d1c783e0d0072134b9f5883c4e6d057a,
        type: 3}
      propertyPath: m_LocalEulerAnglesHint.x
      value: 0
      objectReference: {fileID: 0}
    - target: {fileID: 4528686068854883225, guid: d1c783e0d0072134b9f5883c4e6d057a,
        type: 3}
      propertyPath: m_LocalEulerAnglesHint.y
      value: 0
      objectReference: {fileID: 0}
    - target: {fileID: 4528686068854883225, guid: d1c783e0d0072134b9f5883c4e6d057a,
        type: 3}
      propertyPath: m_LocalEulerAnglesHint.z
      value: 0
      objectReference: {fileID: 0}
    m_RemovedComponents: []
  m_SourcePrefab: {fileID: 100100000, guid: d1c783e0d0072134b9f5883c4e6d057a, type: 3}
--- !u!4 &488956998229806784 stripped
Transform:
  m_CorrespondingSourceObject: {fileID: 4528686068854883225, guid: d1c783e0d0072134b9f5883c4e6d057a,
    type: 3}
  m_PrefabInstance: {fileID: 4039729075344297305}
  m_PrefabAsset: {fileID: 0}
--- !u!23 &1621914960457250223 stripped
MeshRenderer:
  m_CorrespondingSourceObject: {fileID: 3355800889125566710, guid: d1c783e0d0072134b9f5883c4e6d057a,
    type: 3}
  m_PrefabInstance: {fileID: 4039729075344297305}
  m_PrefabAsset: {fileID: 0}
--- !u!1001 &7751032732443136235
PrefabInstance:
  m_ObjectHideFlags: 0
  serializedVersion: 2
  m_Modification:
    m_TransformParent: {fileID: 8384020350261576129}
    m_Modifications:
    - target: {fileID: 5834933251103022694, guid: c37583552db7f6c41b3082c183daf19f,
        type: 3}
      propertyPath: m_Name
      value: KitchenKnifeLarge
      objectReference: {fileID: 0}
    - target: {fileID: 6607352726129738972, guid: c37583552db7f6c41b3082c183daf19f,
        type: 3}
      propertyPath: m_RootOrder
      value: 0
      objectReference: {fileID: 0}
    - target: {fileID: 6607352726129738972, guid: c37583552db7f6c41b3082c183daf19f,
        type: 3}
      propertyPath: m_LocalPosition.x
      value: 0
      objectReference: {fileID: 0}
    - target: {fileID: 6607352726129738972, guid: c37583552db7f6c41b3082c183daf19f,
        type: 3}
      propertyPath: m_LocalPosition.y
      value: 0
      objectReference: {fileID: 0}
    - target: {fileID: 6607352726129738972, guid: c37583552db7f6c41b3082c183daf19f,
        type: 3}
      propertyPath: m_LocalPosition.z
      value: 0
      objectReference: {fileID: 0}
    - target: {fileID: 6607352726129738972, guid: c37583552db7f6c41b3082c183daf19f,
        type: 3}
      propertyPath: m_LocalRotation.w
      value: 1
      objectReference: {fileID: 0}
    - target: {fileID: 6607352726129738972, guid: c37583552db7f6c41b3082c183daf19f,
        type: 3}
      propertyPath: m_LocalRotation.x
      value: -0
      objectReference: {fileID: 0}
    - target: {fileID: 6607352726129738972, guid: c37583552db7f6c41b3082c183daf19f,
        type: 3}
      propertyPath: m_LocalRotation.y
      value: -0
      objectReference: {fileID: 0}
    - target: {fileID: 6607352726129738972, guid: c37583552db7f6c41b3082c183daf19f,
        type: 3}
      propertyPath: m_LocalRotation.z
      value: -0
      objectReference: {fileID: 0}
    - target: {fileID: 6607352726129738972, guid: c37583552db7f6c41b3082c183daf19f,
        type: 3}
      propertyPath: m_LocalEulerAnglesHint.x
      value: 0
      objectReference: {fileID: 0}
    - target: {fileID: 6607352726129738972, guid: c37583552db7f6c41b3082c183daf19f,
        type: 3}
      propertyPath: m_LocalEulerAnglesHint.y
      value: 0
      objectReference: {fileID: 0}
    - target: {fileID: 6607352726129738972, guid: c37583552db7f6c41b3082c183daf19f,
        type: 3}
      propertyPath: m_LocalEulerAnglesHint.z
      value: 0
      objectReference: {fileID: 0}
    m_RemovedComponents: []
  m_SourcePrefab: {fileID: 100100000, guid: c37583552db7f6c41b3082c183daf19f, type: 3}
--- !u!4 &3468681524606325815 stripped
Transform:
  m_CorrespondingSourceObject: {fileID: 6607352726129738972, guid: c37583552db7f6c41b3082c183daf19f,
    type: 3}
  m_PrefabInstance: {fileID: 7751032732443136235}
  m_PrefabAsset: {fileID: 0}
--- !u!23 &2335142402836213592 stripped
MeshRenderer:
  m_CorrespondingSourceObject: {fileID: 5474447026138906547, guid: c37583552db7f6c41b3082c183daf19f,
    type: 3}
  m_PrefabInstance: {fileID: 7751032732443136235}
  m_PrefabAsset: {fileID: 0}
--- !u!205 &7542628268031912213 stripped
LODGroup:
  m_CorrespondingSourceObject: {fileID: 233623433675438590, guid: c37583552db7f6c41b3082c183daf19f,
    type: 3}
  m_PrefabInstance: {fileID: 7751032732443136235}
  m_PrefabAsset: {fileID: 0}
