%YAML 1.1
%TAG !u! tag:unity3d.com,2011:
--- !u!1 &1072928123115439878
GameObject:
  m_ObjectHideFlags: 0
  m_CorrespondingSourceObject: {fileID: 0}
  m_PrefabInstance: {fileID: 0}
  m_PrefabAsset: {fileID: 0}
  serializedVersion: 6
  m_Component:
  - component: {fileID: 259014439}
  - component: {fileID: 4059013092920253170}
  - component: {fileID: 1633412488247268196}
  - component: {fileID: 7058747606982270730}
  - component: {fileID: 6754064646067390820}
  - component: {fileID: 6422333623931257460}
  m_Layer: 0
  m_Name: WindowGlassClear
  m_TagString: Untagged
  m_Icon: {fileID: 0}
  m_NavMeshLayer: 0
  m_StaticEditorFlags: 4294967295
  m_IsActive: 1
--- !u!4 &259014439
Transform:
  m_ObjectHideFlags: 0
  m_CorrespondingSourceObject: {fileID: 0}
  m_PrefabInstance: {fileID: 0}
  m_PrefabAsset: {fileID: 0}
  m_GameObject: {fileID: 1072928123115439878}
  m_LocalRotation: {x: -0, y: -0, z: -0, w: 1}
  m_LocalPosition: {x: -57.404, y: -10.547001, z: -54.734}
  m_LocalScale: {x: 1, y: 1, z: 1}
  m_ConstrainProportionsScale: 0
  m_Children: []
  m_Father: {fileID: 0}
  m_RootOrder: 0
  m_LocalEulerAnglesHint: {x: 0, y: 0, z: 0}
--- !u!33 &4059013092920253170
MeshFilter:
  m_ObjectHideFlags: 0
  m_CorrespondingSourceObject: {fileID: 0}
  m_PrefabInstance: {fileID: 0}
  m_PrefabAsset: {fileID: 0}
  m_GameObject: {fileID: 1072928123115439878}
  m_Mesh: {fileID: 4300002, guid: 7e15b07c5d32a484cbd02acf74294e81, type: 3}
--- !u!23 &1633412488247268196
MeshRenderer:
  m_ObjectHideFlags: 0
  m_CorrespondingSourceObject: {fileID: 0}
  m_PrefabInstance: {fileID: 0}
  m_PrefabAsset: {fileID: 0}
  m_GameObject: {fileID: 1072928123115439878}
  m_Enabled: 1
  m_CastShadows: 0
  m_ReceiveShadows: 1
  m_DynamicOccludee: 1
  m_StaticShadowCaster: 0
  m_MotionVectors: 1
  m_LightProbeUsage: 1
  m_ReflectionProbeUsage: 1
  m_RayTracingMode: 2
  m_RayTraceProcedural: 0
  m_RenderingLayerMask: 3
  m_RendererPriority: 0
  m_Materials:
  - {fileID: 2100000, guid: 138519ffebec85e45b9ddf918582b5b3, type: 2}
  m_StaticBatchInfo:
    firstSubMesh: 0
    subMeshCount: 0
  m_StaticBatchRoot: {fileID: 0}
  m_ProbeAnchor: {fileID: 0}
  m_LightProbeVolumeOverride: {fileID: 0}
  m_ScaleInLightmap: 1
  m_ReceiveGI: 1
  m_PreserveUVs: 0
  m_IgnoreNormalsForChartDetection: 0
  m_ImportantGI: 0
  m_StitchLightmapSeams: 0
  m_SelectedEditorRenderState: 3
  m_MinimumChartSize: 4
  m_AutoUVMaxDistance: 0.5
  m_AutoUVMaxAngle: 89
  m_LightmapParameters: {fileID: 0}
  m_SortingLayerID: 0
  m_SortingLayer: 0
  m_SortingOrder: 0
  m_AdditionalVertexStreams: {fileID: 0}
--- !u!65 &7058747606982270730
BoxCollider:
  m_ObjectHideFlags: 0
  m_CorrespondingSourceObject: {fileID: 0}
  m_PrefabInstance: {fileID: 0}
  m_PrefabAsset: {fileID: 0}
  m_GameObject: {fileID: 1072928123115439878}
  m_Material: {fileID: 0}
  m_IsTrigger: 0
  m_Enabled: 1
  serializedVersion: 2
  m_Size: {x: 1.15, y: 2.55, z: 0.05}
  m_Center: {x: 0.07500005, y: 0.32499996, z: 0}
--- !u!205 &6754064646067390820
LODGroup:
  m_ObjectHideFlags: 0
  m_CorrespondingSourceObject: {fileID: 0}
  m_PrefabInstance: {fileID: 0}
  m_PrefabAsset: {fileID: 0}
  m_GameObject: {fileID: 1072928123115439878}
  serializedVersion: 2
  m_LocalReferencePoint: {x: 0.07500005, y: 0.32499993, z: 0.025}
  m_Size: 2.55
  m_FadeMode: 0
  m_AnimateCrossFading: 1
  m_LastLODIsBillboard: 0
  m_LODs:
  - screenRelativeHeight: 0.1411979
    fadeTransitionWidth: 0
    renderers:
    - renderer: {fileID: 1633412488247268196}
  m_Enabled: 1
--- !u!114 &6422333623931257460
MonoBehaviour:
  m_ObjectHideFlags: 0
  m_CorrespondingSourceObject: {fileID: 0}
  m_PrefabInstance: {fileID: 0}
  m_PrefabAsset: {fileID: 0}
  m_GameObject: {fileID: 1072928123115439878}
  m_Enabled: 1
  m_EditorHideFlags: 0
  m_Script: {fileID: 11500000, guid: 22f74dad8f37fdc4886d23fcc0886b87, type: 3}
  m_Name: 
  m_EditorClassIdentifier: 
  isBroken: 0
  isBoarded: 0
  brokenAt: 0
  breakForce: 0.11
  breakAudioEvent: {fileID: 11400000, guid: 8bc8aa7fb45f3a346be5a04532b8fb3e, type: 2}
  panes:
  - filter: {fileID: 4059013092920253170}
    renderer: {fileID: 1633412488247268196}
    defaultMat: {fileID: 2100000, guid: 138519ffebec85e45b9ddf918582b5b3, type: 2}
    brokenMat: {fileID: 2100000, guid: 138519ffebec85e45b9ddf918582b5b3, type: 2}
    boardedMat: {fileID: 2100000, guid: a2dd6dfbf9527ed40857c1f07760958f, type: 2}
    defaultMesh: {fileID: 4300002, guid: 7e15b07c5d32a484cbd02acf74294e81, type: 3}
    brokenMesh: {fileID: 4527485808324374773, guid: fb2fcf9743ea09a48b32e8cdbe79c4ac,
      type: 3}
    boardedMesh: {fileID: 4300002, guid: 7e15b07c5d32a484cbd02acf74294e81, type: 3}
    collider: {fileID: 7058747606982270730}
    removeColliderWhenBroken: 1
    removeWhenBoarded: 0
    shatter: 1
    shardSize: {x: 0.075, y: 0.075, z: 0.075}
    shardEveryXPixels: 19
    shatterForceMultiplier: 2.4
