%YAML 1.1
%TAG !u! tag:unity3d.com,2011:
--- !u!1 &1209958515833676
GameObject:
  m_ObjectHideFlags: 0
  m_CorrespondingSourceObject: {fileID: 0}
  m_PrefabInstance: {fileID: 0}
  m_PrefabAsset: {fileID: 0}
  serializedVersion: 6
  m_Component:
  - component: {fileID: 224290299246375360}
  - component: {fileID: 222770864531698424}
  - component: {fileID: 4656717602329207327}
  m_Layer: 5
  m_Name: Photo
  m_TagString: Untagged
  m_Icon: {fileID: 0}
  m_NavMeshLayer: 0
  m_StaticEditorFlags: 0
  m_IsActive: 1
--- !u!224 &224290299246375360
RectTransform:
  m_ObjectHideFlags: 0
  m_CorrespondingSourceObject: {fileID: 0}
  m_PrefabInstance: {fileID: 0}
  m_PrefabAsset: {fileID: 0}
  m_GameObject: {fileID: 1209958515833676}
  m_LocalRotation: {x: -0, y: -0, z: -0, w: 1}
  m_LocalPosition: {x: 0, y: 0, z: 0}
  m_LocalScale: {x: 1, y: 1, z: 1}
  m_ConstrainProportionsScale: 0
  m_Children: []
  m_Father: {fileID: 224707315995626162}
  m_RootOrder: 0
  m_LocalEulerAnglesHint: {x: 0, y: 0, z: 0}
  m_AnchorMin: {x: 0, y: 0}
  m_AnchorMax: {x: 1, y: 1}
  m_AnchoredPosition: {x: 0, y: 0}
  m_SizeDelta: {x: -10, y: -10}
  m_Pivot: {x: 0.5, y: 0.5}
--- !u!222 &222770864531698424
CanvasRenderer:
  m_ObjectHideFlags: 0
  m_CorrespondingSourceObject: {fileID: 0}
  m_PrefabInstance: {fileID: 0}
  m_PrefabAsset: {fileID: 0}
  m_GameObject: {fileID: 1209958515833676}
  m_CullTransparentMesh: 0
--- !u!114 &4656717602329207327
MonoBehaviour:
  m_ObjectHideFlags: 0
  m_CorrespondingSourceObject: {fileID: 0}
  m_PrefabInstance: {fileID: 0}
  m_PrefabAsset: {fileID: 0}
  m_GameObject: {fileID: 1209958515833676}
  m_Enabled: 1
  m_EditorHideFlags: 0
  m_Script: {fileID: 11500000, guid: 1344c3c82d62a2a41a3576d8abb8e3ea, type: 3}
  m_Name: 
  m_EditorClassIdentifier: 
  m_Material: {fileID: 0}
  m_Color: {r: 1, g: 1, b: 1, a: 1}
  m_RaycastTarget: 0
  m_RaycastPadding: {x: 0, y: 0, z: 0, w: 0}
  m_Maskable: 1
  m_OnCullStateChanged:
    m_PersistentCalls:
      m_Calls: []
  m_Texture: {fileID: 0}
  m_UVRect:
    serializedVersion: 2
    x: 0
    y: 0
    width: 1
    height: 1
--- !u!1 &1578964871363788
GameObject:
  m_ObjectHideFlags: 0
  m_CorrespondingSourceObject: {fileID: 0}
  m_PrefabInstance: {fileID: 0}
  m_PrefabAsset: {fileID: 0}
  serializedVersion: 6
  m_Component:
  - component: {fileID: 224707315995626162}
  - component: {fileID: 222795638524216184}
  - component: {fileID: 114495068862164194}
  - component: {fileID: 114719426099469090}
  - component: {fileID: 114315708906435386}
  - component: {fileID: 114604164456799958}
  - component: {fileID: 3695354460172785423}
  m_Layer: 5
  m_Name: EvidenceButton
  m_TagString: EvidenceButton
  m_Icon: {fileID: 0}
  m_NavMeshLayer: 0
  m_StaticEditorFlags: 0
  m_IsActive: 1
--- !u!224 &224707315995626162
RectTransform:
  m_ObjectHideFlags: 0
  m_CorrespondingSourceObject: {fileID: 0}
  m_PrefabInstance: {fileID: 0}
  m_PrefabAsset: {fileID: 0}
  m_GameObject: {fileID: 1578964871363788}
  m_LocalRotation: {x: -0, y: -0, z: -0, w: 1}
  m_LocalPosition: {x: 0, y: 0, z: 0}
  m_LocalScale: {x: 1, y: 1, z: 1}
  m_ConstrainProportionsScale: 0
  m_Children:
  - {fileID: 224290299246375360}
  - {fileID: 7606862592375201310}
  m_Father: {fileID: 0}
  m_RootOrder: 0
  m_LocalEulerAnglesHint: {x: 0, y: 0, z: 0}
  m_AnchorMin: {x: 0.5, y: 1}
  m_AnchorMax: {x: 0.5, y: 1}
  m_AnchoredPosition: {x: 0, y: -6}
  m_SizeDelta: {x: 100, y: 100}
  m_Pivot: {x: 0.5, y: 1}
--- !u!222 &222795638524216184
CanvasRenderer:
  m_ObjectHideFlags: 0
  m_CorrespondingSourceObject: {fileID: 0}
  m_PrefabInstance: {fileID: 0}
  m_PrefabAsset: {fileID: 0}
  m_GameObject: {fileID: 1578964871363788}
  m_CullTransparentMesh: 0
--- !u!114 &114495068862164194
MonoBehaviour:
  m_ObjectHideFlags: 0
  m_CorrespondingSourceObject: {fileID: 0}
  m_PrefabInstance: {fileID: 0}
  m_PrefabAsset: {fileID: 0}
  m_GameObject: {fileID: 1578964871363788}
  m_Enabled: 1
  m_EditorHideFlags: 0
  m_Script: {fileID: 11500000, guid: fe87c0e1cc204ed48ad3b37840f39efc, type: 3}
  m_Name: 
  m_EditorClassIdentifier: 
  m_Material: {fileID: 0}
  m_Color: {r: 1, g: 1, b: 1, a: 1}
  m_RaycastTarget: 1
  m_RaycastPadding: {x: 0, y: 0, z: 0, w: 0}
  m_Maskable: 1
  m_OnCullStateChanged:
    m_PersistentCalls:
      m_Calls: []
  m_Sprite: {fileID: 21300000, guid: a6bc4288903706d47bb1d243c444e2dd, type: 3}
  m_Type: 1
  m_PreserveAspect: 0
  m_FillCenter: 1
  m_FillMethod: 4
  m_FillAmount: 1
  m_FillClockwise: 1
  m_FillOrigin: 0
  m_UseSpriteMesh: 0
  m_PixelsPerUnitMultiplier: 1
--- !u!114 &114719426099469090
MonoBehaviour:
  m_ObjectHideFlags: 0
  m_CorrespondingSourceObject: {fileID: 0}
  m_PrefabInstance: {fileID: 0}
  m_PrefabAsset: {fileID: 0}
  m_GameObject: {fileID: 1578964871363788}
  m_Enabled: 1
  m_EditorHideFlags: 0
  m_Script: {fileID: 11500000, guid: 4e29b1a8efbd4b44bb3f3716e73f07ff, type: 3}
  m_Name: 
  m_EditorClassIdentifier: 
  m_Navigation:
    m_Mode: 0
    m_WrapAround: 0
    m_SelectOnUp: {fileID: 0}
    m_SelectOnDown: {fileID: 0}
    m_SelectOnLeft: {fileID: 0}
    m_SelectOnRight: {fileID: 0}
  m_Transition: 0
  m_Colors:
    m_NormalColor: {r: 1, g: 1, b: 1, a: 1}
    m_HighlightedColor: {r: 0.70215183, g: 0.8602941, b: 0.82103115, a: 1}
    m_PressedColor: {r: 0.78431374, g: 0.78431374, b: 0.78431374, a: 1}
    m_SelectedColor: {r: 0.70215183, g: 0.8602941, b: 0.82103115, a: 1}
    m_DisabledColor: {r: 0.78431374, g: 0.78431374, b: 0.78431374, a: 1}
    m_ColorMultiplier: 1
    m_FadeDuration: 0.1
  m_SpriteState:
    m_HighlightedSprite: {fileID: 21300000, guid: 3e227e1afcbc1e644a4bdd89a1906fca,
      type: 3}
    m_PressedSprite: {fileID: 21300000, guid: 5428718f1871c9b41a922ec81e7a354e, type: 3}
    m_SelectedSprite: {fileID: 21300000, guid: 3e227e1afcbc1e644a4bdd89a1906fca, type: 3}
    m_DisabledSprite: {fileID: 21300000, guid: 2ed44d46fda4534448ce4452ce62c146, type: 3}
  m_AnimationTriggers:
    m_NormalTrigger: Normal
    m_HighlightedTrigger: Highlighted
    m_PressedTrigger: Pressed
    m_SelectedTrigger: Highlighted
    m_DisabledTrigger: Disabled
  m_Interactable: 1
  m_TargetGraphic: {fileID: 114495068862164194}
  m_OnClick:
    m_PersistentCalls:
      m_Calls:
      - m_Target: {fileID: 0}
        m_TargetAssemblyTypeName: 
        m_MethodName: 
        m_Mode: 1
        m_Arguments:
          m_ObjectArgument: {fileID: 0}
          m_ObjectArgumentAssemblyTypeName: UnityEngine.Object, UnityEngine
          m_IntArgument: 0
          m_FloatArgument: 0
          m_StringArgument: 
          m_BoolArgument: 0
        m_CallState: 2
--- !u!114 &114315708906435386
MonoBehaviour:
  m_ObjectHideFlags: 0
  m_CorrespondingSourceObject: {fileID: 0}
  m_PrefabInstance: {fileID: 0}
  m_PrefabAsset: {fileID: 0}
  m_GameObject: {fileID: 1578964871363788}
  m_Enabled: 1
  m_EditorHideFlags: 0
  m_Script: {fileID: 11500000, guid: feca2c43f69d4cc4ba949b7690e994cb, type: 3}
  m_Name: 
  m_EditorClassIdentifier: 
  rect: {fileID: 0}
  button: {fileID: 114719426099469090}
  rend: {fileID: 0}
  background: {fileID: 0}
  icon: {fileID: 2600745737001436421}
  text: {fileID: 0}
  tooltip: {fileID: 114604164456799958}
  juice: {fileID: 3695354460172785423}
  notifications: {fileID: 0}
  parentWindow: {fileID: 0}
  tabOf: {fileID: 0}
  additionalHighlightRect: {fileID: 0}
  isOver: 0
  forceAdditionalHighlighted: 0
  additionalHighlighted: 0
  interactable: 1
  setupReferences: 0
  baseColour: {r: 1, g: 1, b: 1, a: 1}
  scrollRectAutoScroll: 0
  scrollVertical: 1
  scrollHorizontal: 1
  findableForAutoNavigation: 1
  refreshControllerNavigationOnSetup: 1
  refreshControllerNavigationOnSelect: 1
  refreshControllerNavigationOnPress: 1
  includeInactiveSelectables: 0
  selectableSearchParentHierarchyThreshold: 1
  isEvidenceWindowButton: 0
  allowLeftNavigation: 1
  allowRightNavigation: 1
  allowUpNavigation: 1
  allowDownNavigation: 1
  thisNavRectPoint: 0
  otherNavRectPoint: 0
  ignoreParentsNamed: []
  secondaryIsRightClick: 0
  useAutomaticText: 0
  textDictionary: ui.interface
  textReference: 
  casing: 0
  menuMouseoverReference: 
  uninteractableTextAlpha: 0.25
  interactableTextAlpha: 1
  defaultSelectionPriority: 0
  useAdditionalHighlight: 1
  additionalHighlightPrefab: {fileID: 0}
  additionalHighlightColour: {r: 0.8897059, g: 0.9817444, b: 1, a: 1}
  additionalHighlightUninteractableColour: {r: 0.5, g: 0.5, b: 0.5, a: 1}
  additionalHighlightAtFront: 1
  additionalHighlightRectModifier: {x: 0, y: 0, z: 0, w: 0}
  nudgeOnClick: 0
  glowOnHighlight: 0
  useGenericAudioSounds: 1
  buttonType: 0
  buttonDown: {fileID: 0}
  clickPrimary: {fileID: 0}
  clickSecondary: {fileID: 0}
  rightClick: {fileID: 0}
  pinnedController: {fileID: 0}
  evidenceKeys: 
  evPhoto: {fileID: 4656717602329207327}
--- !u!114 &114604164456799958
MonoBehaviour:
  m_ObjectHideFlags: 0
  m_CorrespondingSourceObject: {fileID: 0}
  m_PrefabInstance: {fileID: 0}
  m_PrefabAsset: {fileID: 0}
  m_GameObject: {fileID: 1578964871363788}
  m_Enabled: 1
  m_EditorHideFlags: 0
  m_Script: {fileID: 11500000, guid: e9c69fc3e0bfa274182467195c38a6a0, type: 3}
  m_Name: 
  m_EditorClassIdentifier: 
  tooltipEnabled: 1
  handleOwnBehaviour: 1
  parentOverride: {fileID: 0}
  useMainDictionaryEntry: 0
  mainDictionary: ui.tooltips
  mainDictionaryKey: 
  useDetailDictionaryEntry: 0
  detailDictionary: ui.tooltips
  detailDictionaryKey: 
  mainText: 
  detailText: 
  isOver: 0
  additionalSpawnDelay: 0
  moTimer: 0
  spawnedTooltip: {fileID: 0}
  tooltipText: {fileID: 0}
  fadeIn: 0
  rend: {fileID: 0}
  textRend: {fileID: 0}
  pos: {x: 0.7, y: 0}
  useCursorPos: 0
  cursorPosOffset: {x: 10, y: -7}
  limitWidth: 0
  extendTooltipWidth: 0
  enableOutlineMouseOver: 1
  mouseOverSprite: {fileID: 0}
  contextMenuBelongingToThis: {fileID: 0}
  updateTooltipPosition: 0
--- !u!114 &3695354460172785423
MonoBehaviour:
  m_ObjectHideFlags: 0
  m_CorrespondingSourceObject: {fileID: 0}
  m_PrefabInstance: {fileID: 0}
  m_PrefabAsset: {fileID: 0}
  m_GameObject: {fileID: 1578964871363788}
  m_Enabled: 1
  m_EditorHideFlags: 0
  m_Script: {fileID: 11500000, guid: 6d43e2ea134cf3f43a79b47c458f5005, type: 3}
  m_Name: 
  m_EditorClassIdentifier: 
  elements:
  - transformElement: {fileID: 224707315995626162}
    imageElement: {fileID: 114495068862164194}
    rawImageElement: {fileID: 0}
    renderer: {fileID: 0}
    originalColour: {r: 1, g: 1, b: 1, a: 1}
    getNormalColourAtStart: 0
    originalLocalPos: {x: 0, y: 0, z: 0}
    originalLocalRot: {x: 0, y: 0, z: 0}
    originalLocalScale: {x: 0, y: 0, z: 0}
    getNormalTransformAtStart: 0
  - transformElement: {fileID: 224707315995626162}
    imageElement: {fileID: 0}
    rawImageElement: {fileID: 4656717602329207327}
    renderer: {fileID: 0}
    originalColour: {r: 1, g: 1, b: 1, a: 1}
    getNormalColourAtStart: 0
    originalLocalPos: {x: 0, y: 0, z: 0}
    originalLocalRot: {x: 0, y: 0, z: 0}
    originalLocalScale: {x: 0, y: 0, z: 0}
    getNormalTransformAtStart: 0
  - transformElement: {fileID: 224707315995626162}
    imageElement: {fileID: 2600745737001436421}
    rawImageElement: {fileID: 0}
    renderer: {fileID: 0}
    originalColour: {r: 1, g: 1, b: 1, a: 1}
    getNormalColourAtStart: 0
    originalLocalPos: {x: 0, y: 0, z: 0}
    originalLocalRot: {x: 0, y: 0, z: 0}
    originalLocalScale: {x: 0, y: 0, z: 0}
    getNormalTransformAtStart: 0
  pulsateActive: 0
  pulsateScale: 0
  pulsateProgress: 0
  pulsateOnStart: 0
  pulsateColour: {r: 0.5990566, g: 0.8814111, b: 1, a: 1}
  pulsateSpeed: 5
  flashColour: {r: 0, g: 0, b: 0, a: 0}
  smoothPulsateOff: 0
  fancyAppearActive: 0
  appearSpeed: 2
  fancyDisappearActive: 0
  disappearSpeed: 2
--- !u!1 &1454926351524198241
GameObject:
  m_ObjectHideFlags: 0
  m_CorrespondingSourceObject: {fileID: 0}
  m_PrefabInstance: {fileID: 0}
  m_PrefabAsset: {fileID: 0}
  serializedVersion: 6
  m_Component:
  - component: {fileID: 7606862592375201310}
  - component: {fileID: 173069144331054378}
  - component: {fileID: 2600745737001436421}
  m_Layer: 5
  m_Name: Icon
  m_TagString: Untagged
  m_Icon: {fileID: 0}
  m_NavMeshLayer: 0
  m_StaticEditorFlags: 0
  m_IsActive: 0
--- !u!224 &7606862592375201310
RectTransform:
  m_ObjectHideFlags: 0
  m_CorrespondingSourceObject: {fileID: 0}
  m_PrefabInstance: {fileID: 0}
  m_PrefabAsset: {fileID: 0}
  m_GameObject: {fileID: 1454926351524198241}
  m_LocalRotation: {x: 0, y: 0, z: 0, w: 1}
  m_LocalPosition: {x: 0, y: 0, z: 0}
  m_LocalScale: {x: 1, y: 1, z: 1}
  m_ConstrainProportionsScale: 0
  m_Children: []
  m_Father: {fileID: 224707315995626162}
  m_RootOrder: 1
  m_LocalEulerAnglesHint: {x: 0, y: 0, z: 0}
  m_AnchorMin: {x: 0, y: 0}
  m_AnchorMax: {x: 1, y: 1}
  m_AnchoredPosition: {x: 0, y: 0}
  m_SizeDelta: {x: -10, y: -10}
  m_Pivot: {x: 0.5, y: 0.5}
--- !u!222 &173069144331054378
CanvasRenderer:
  m_ObjectHideFlags: 0
  m_CorrespondingSourceObject: {fileID: 0}
  m_PrefabInstance: {fileID: 0}
  m_PrefabAsset: {fileID: 0}
  m_GameObject: {fileID: 1454926351524198241}
  m_CullTransparentMesh: 0
--- !u!114 &2600745737001436421
MonoBehaviour:
  m_ObjectHideFlags: 0
  m_CorrespondingSourceObject: {fileID: 0}
  m_PrefabInstance: {fileID: 0}
  m_PrefabAsset: {fileID: 0}
  m_GameObject: {fileID: 1454926351524198241}
  m_Enabled: 1
  m_EditorHideFlags: 0
  m_Script: {fileID: 11500000, guid: fe87c0e1cc204ed48ad3b37840f39efc, type: 3}
  m_Name: 
  m_EditorClassIdentifier: 
  m_Material: {fileID: 0}
  m_Color: {r: 1, g: 1, b: 1, a: 1}
  m_RaycastTarget: 0
  m_RaycastPadding: {x: 0, y: 0, z: 0, w: 0}
  m_Maskable: 1
  m_OnCullStateChanged:
    m_PersistentCalls:
      m_Calls: []
  m_Sprite: {fileID: 0}
  m_Type: 0
  m_PreserveAspect: 0
  m_FillCenter: 1
  m_FillMethod: 4
  m_FillAmount: 1
  m_FillClockwise: 1
  m_FillOrigin: 0
  m_UseSpriteMesh: 0
  m_PixelsPerUnitMultiplier: 1
