%YAML 1.1
%TAG !u! tag:unity3d.com,2011:
--- !u!1 &2335584554994561848
GameObject:
  m_ObjectHideFlags: 0
  m_CorrespondingSourceObject: {fileID: 0}
  m_PrefabInstance: {fileID: 0}
  m_PrefabAsset: {fileID: 0}
  serializedVersion: 6
  m_Component:
  - component: {fileID: 2335584554994200344}
  - component: {fileID: 2335584554995494712}
  - component: {fileID: 2335584554996493816}
  - component: {fileID: 513689870373729489}
  m_Layer: 0
  m_Name: LargeRectangleWindowCurtains
  m_TagString: Untagged
  m_Icon: {fileID: 0}
  m_NavMeshLayer: 0
  m_StaticEditorFlags: 0
  m_IsActive: 1
--- !u!4 &2335584554994200344
Transform:
  m_ObjectHideFlags: 0
  m_CorrespondingSourceObject: {fileID: 0}
  m_PrefabInstance: {fileID: 0}
  m_PrefabAsset: {fileID: 0}
  m_GameObject: {fileID: 2335584554994561848}
  m_LocalRotation: {x: -0, y: -0, z: -0, w: 1}
  m_LocalPosition: {x: -59.259136, y: -12.51, z: -43.008556}
  m_LocalScale: {x: 1.001, y: 1, z: 1}
  m_Children:
  - {fileID: 2335584555500744436}
  m_Father: {fileID: 0}
  m_RootOrder: 0
  m_LocalEulerAnglesHint: {x: 0, y: 0, z: 0}
--- !u!33 &2335584554995494712
MeshFilter:
  m_ObjectHideFlags: 0
  m_CorrespondingSourceObject: {fileID: 0}
  m_PrefabInstance: {fileID: 0}
  m_PrefabAsset: {fileID: 0}
  m_GameObject: {fileID: 2335584554994561848}
  m_Mesh: {fileID: 4300000, guid: cd7a127b3f956ce4da69deeae212e22e, type: 3}
--- !u!23 &2335584554996493816
MeshRenderer:
  m_ObjectHideFlags: 0
  m_CorrespondingSourceObject: {fileID: 0}
  m_PrefabInstance: {fileID: 0}
  m_PrefabAsset: {fileID: 0}
  m_GameObject: {fileID: 2335584554994561848}
  m_Enabled: 1
  m_CastShadows: 1
  m_ReceiveShadows: 1
  m_DynamicOccludee: 1
  m_StaticShadowCaster: 0
  m_MotionVectors: 1
  m_LightProbeUsage: 1
  m_ReflectionProbeUsage: 1
  m_RayTracingMode: 2
  m_RayTraceProcedural: 0
  m_RenderingLayerMask: 1
  m_RendererPriority: 0
  m_Materials:
  - {fileID: 2100000, guid: 393d945c0c4732c40b84589fbf9dde8b, type: 2}
  m_StaticBatchInfo:
    firstSubMesh: 0
    subMeshCount: 0
  m_StaticBatchRoot: {fileID: 0}
  m_ProbeAnchor: {fileID: 0}
  m_LightProbeVolumeOverride: {fileID: 0}
  m_ScaleInLightmap: 1
  m_ReceiveGI: 1
  m_PreserveUVs: 0
  m_IgnoreNormalsForChartDetection: 0
  m_ImportantGI: 0
  m_StitchLightmapSeams: 0
  m_SelectedEditorRenderState: 3
  m_MinimumChartSize: 4
  m_AutoUVMaxDistance: 0.5
  m_AutoUVMaxAngle: 89
  m_LightmapParameters: {fileID: 0}
  m_SortingLayerID: 0
  m_SortingLayer: 0
  m_SortingOrder: 0
  m_AdditionalVertexStreams: {fileID: 0}
--- !u!65 &513689870373729489
BoxCollider:
  m_ObjectHideFlags: 0
  m_CorrespondingSourceObject: {fileID: 0}
  m_PrefabInstance: {fileID: 0}
  m_PrefabAsset: {fileID: 0}
  m_GameObject: {fileID: 2335584554994561848}
  m_Material: {fileID: 0}
  m_IsTrigger: 0
  m_Enabled: 1
  serializedVersion: 2
  m_Size: {x: 1.8, y: 0.1, z: 0.1}
  m_Center: {x: 0, y: 3.45, z: 0.15}
--- !u!1 &3353606904669542101
GameObject:
  m_ObjectHideFlags: 0
  m_CorrespondingSourceObject: {fileID: 0}
  m_PrefabInstance: {fileID: 0}
  m_PrefabAsset: {fileID: 0}
  serializedVersion: 6
  m_Component:
  - component: {fileID: 2335584555500744436}
  - component: {fileID: 1746599648352095009}
  - component: {fileID: 3945898500588880567}
  - component: {fileID: 4727684821233667801}
  - component: {fileID: 9066568233341786295}
  - component: {fileID: 8739551324909786023}
  m_Layer: 0
  m_Name: WindowGlassClear
  m_TagString: RainWindowGlass
  m_Icon: {fileID: 0}
  m_NavMeshLayer: 0
  m_StaticEditorFlags: 4294967295
  m_IsActive: 1
--- !u!4 &2335584555500744436
Transform:
  m_ObjectHideFlags: 0
  m_CorrespondingSourceObject: {fileID: 0}
  m_PrefabInstance: {fileID: 0}
  m_PrefabAsset: {fileID: 0}
  m_GameObject: {fileID: 3353606904669542101}
  m_LocalRotation: {x: 0, y: 0, z: 0, w: 1}
  m_LocalPosition: {x: -0.075, y: 1.592, z: -0.165}
  m_LocalScale: {x: 1.1, y: 1, z: 1}
  m_Children: []
  m_Father: {fileID: 2335584554994200344}
  m_RootOrder: 0
  m_LocalEulerAnglesHint: {x: 0, y: 0, z: 0}
--- !u!33 &1746599648352095009
MeshFilter:
  m_ObjectHideFlags: 0
  m_CorrespondingSourceObject: {fileID: 0}
  m_PrefabInstance: {fileID: 0}
  m_PrefabAsset: {fileID: 0}
  m_GameObject: {fileID: 3353606904669542101}
  m_Mesh: {fileID: 4300002, guid: 7e15b07c5d32a484cbd02acf74294e81, type: 3}
--- !u!23 &3945898500588880567
MeshRenderer:
  m_ObjectHideFlags: 0
  m_CorrespondingSourceObject: {fileID: 0}
  m_PrefabInstance: {fileID: 0}
  m_PrefabAsset: {fileID: 0}
  m_GameObject: {fileID: 3353606904669542101}
  m_Enabled: 1
  m_CastShadows: 0
  m_ReceiveShadows: 1
  m_DynamicOccludee: 1
  m_StaticShadowCaster: 0
  m_MotionVectors: 1
  m_LightProbeUsage: 1
  m_ReflectionProbeUsage: 1
  m_RayTracingMode: 2
  m_RayTraceProcedural: 0
  m_RenderingLayerMask: 3
  m_RendererPriority: 0
  m_Materials:
  - {fileID: 2100000, guid: d050c16b8c8d38f46b34baf9e343c333, type: 2}
  m_StaticBatchInfo:
    firstSubMesh: 0
    subMeshCount: 0
  m_StaticBatchRoot: {fileID: 0}
  m_ProbeAnchor: {fileID: 0}
  m_LightProbeVolumeOverride: {fileID: 0}
  m_ScaleInLightmap: 1
  m_ReceiveGI: 1
  m_PreserveUVs: 0
  m_IgnoreNormalsForChartDetection: 0
  m_ImportantGI: 0
  m_StitchLightmapSeams: 0
  m_SelectedEditorRenderState: 3
  m_MinimumChartSize: 4
  m_AutoUVMaxDistance: 0.5
  m_AutoUVMaxAngle: 89
  m_LightmapParameters: {fileID: 0}
  m_SortingLayerID: 0
  m_SortingLayer: 0
  m_SortingOrder: 0
  m_AdditionalVertexStreams: {fileID: 0}
--- !u!65 &4727684821233667801
BoxCollider:
  m_ObjectHideFlags: 0
  m_CorrespondingSourceObject: {fileID: 0}
  m_PrefabInstance: {fileID: 0}
  m_PrefabAsset: {fileID: 0}
  m_GameObject: {fileID: 3353606904669542101}
  m_Material: {fileID: 0}
  m_IsTrigger: 0
  m_Enabled: 1
  serializedVersion: 2
  m_Size: {x: 1.15, y: 2.55, z: 0.05}
  m_Center: {x: 0.07500005, y: 0.32499996, z: 0}
--- !u!205 &9066568233341786295
LODGroup:
  m_ObjectHideFlags: 0
  m_CorrespondingSourceObject: {fileID: 0}
  m_PrefabInstance: {fileID: 0}
  m_PrefabAsset: {fileID: 0}
  m_GameObject: {fileID: 3353606904669542101}
  serializedVersion: 2
  m_LocalReferencePoint: {x: 0.07500005, y: 0.32499993, z: 0.025}
  m_Size: 2.55
  m_FadeMode: 0
  m_AnimateCrossFading: 1
  m_LastLODIsBillboard: 0
  m_LODs:
  - screenRelativeHeight: 0.09549175
    fadeTransitionWidth: 0
    renderers:
    - renderer: {fileID: 3945898500588880567}
  m_Enabled: 1
--- !u!114 &8739551324909786023
MonoBehaviour:
  m_ObjectHideFlags: 0
  m_CorrespondingSourceObject: {fileID: 0}
  m_PrefabInstance: {fileID: 0}
  m_PrefabAsset: {fileID: 0}
  m_GameObject: {fileID: 3353606904669542101}
  m_Enabled: 1
  m_EditorHideFlags: 0
  m_Script: {fileID: 11500000, guid: 22f74dad8f37fdc4886d23fcc0886b87, type: 3}
  m_Name: 
  m_EditorClassIdentifier: 
  isBroken: 0
  isBoarded: 0
  brokenAt: 0
  breakForce: 0.11
  breakAudioEvent: {fileID: 11400000, guid: 8bc8aa7fb45f3a346be5a04532b8fb3e, type: 2}
  panes:
  - filter: {fileID: 1746599648352095009}
    renderer: {fileID: 3945898500588880567}
    defaultMat: {fileID: 2100000, guid: 138519ffebec85e45b9ddf918582b5b3, type: 2}
    brokenMat: {fileID: 2100000, guid: 138519ffebec85e45b9ddf918582b5b3, type: 2}
    boardedMat: {fileID: 2100000, guid: a2dd6dfbf9527ed40857c1f07760958f, type: 2}
    defaultMesh: {fileID: 4300002, guid: 7e15b07c5d32a484cbd02acf74294e81, type: 3}
    brokenMesh: {fileID: 4527485808324374773, guid: fb2fcf9743ea09a48b32e8cdbe79c4ac,
      type: 3}
    boardedMesh: {fileID: 4300002, guid: 7e15b07c5d32a484cbd02acf74294e81, type: 3}
    collider: {fileID: 4727684821233667801}
    removeColliderWhenBroken: 1
    removeWhenBoarded: 0
    shatter: 1
    shardSize: {x: 0.075, y: 0.075, z: 0.075}
    shardEveryXPixels: 19
    shatterForceMultiplier: 2.4
