%YAML 1.1
%TAG !u! tag:unity3d.com,2011:
--- !u!1 &1297837706250934604
GameObject:
  m_ObjectHideFlags: 0
  m_CorrespondingSourceObject: {fileID: 0}
  m_PrefabInstance: {fileID: 0}
  m_PrefabAsset: {fileID: 0}
  serializedVersion: 6
  m_Component:
  - component: {fileID: 5159989317275304822}
  - component: {fileID: 5588316630075742167}
  m_Layer: 0
  m_Name: Cube
  m_TagString: Untagged
  m_Icon: {fileID: 0}
  m_NavMeshLayer: 0
  m_StaticEditorFlags: 0
  m_IsActive: 1
--- !u!4 &5159989317275304822
Transform:
  m_ObjectHideFlags: 0
  m_CorrespondingSourceObject: {fileID: 0}
  m_PrefabInstance: {fileID: 0}
  m_PrefabAsset: {fileID: 0}
  m_GameObject: {fileID: 1297837706250934604}
  m_LocalRotation: {x: 0, y: 0.7071068, z: 0, w: 0.7071068}
  m_LocalPosition: {x: 0.967, y: 0.29800546, z: 0.042}
  m_LocalScale: {x: 1.9044899, y: 0.59942997, z: 0.12763}
  m_Children: []
  m_Father: {fileID: 5595113935798207131}
  m_RootOrder: 1
  m_LocalEulerAnglesHint: {x: 0, y: 90, z: 0}
--- !u!64 &5588316630075742167
MeshCollider:
  m_ObjectHideFlags: 0
  m_CorrespondingSourceObject: {fileID: 0}
  m_PrefabInstance: {fileID: 0}
  m_PrefabAsset: {fileID: 0}
  m_GameObject: {fileID: 1297837706250934604}
  m_Material: {fileID: 0}
  m_IsTrigger: 0
  m_Enabled: 1
  serializedVersion: 4
  m_Convex: 1
  m_CookingOptions: 30
  m_Mesh: {fileID: 10202, guid: 0000000000000000e000000000000000, type: 0}
--- !u!1 &3891496757511614364
GameObject:
  m_ObjectHideFlags: 0
  m_CorrespondingSourceObject: {fileID: 0}
  m_PrefabInstance: {fileID: 0}
  m_PrefabAsset: {fileID: 0}
  serializedVersion: 6
  m_Component:
  - component: {fileID: 2239622015982287546}
  m_Layer: 0
  m_Name: Level02
  m_TagString: Untagged
  m_Icon: {fileID: 0}
  m_NavMeshLayer: 0
  m_StaticEditorFlags: 0
  m_IsActive: 1
--- !u!4 &2239622015982287546
Transform:
  m_ObjectHideFlags: 0
  m_CorrespondingSourceObject: {fileID: 0}
  m_PrefabInstance: {fileID: 0}
  m_PrefabAsset: {fileID: 0}
  m_GameObject: {fileID: 3891496757511614364}
  m_LocalRotation: {x: 0, y: 0, z: 0, w: 1}
  m_LocalPosition: {x: 0, y: 0, z: 0}
  m_LocalScale: {x: 1, y: 1, z: 1}
  m_Children:
  - {fileID: 6121238828738044678}
  m_Father: {fileID: 556650592453541852}
  m_RootOrder: 0
  m_LocalEulerAnglesHint: {x: 0, y: 0, z: 0}
--- !u!1 &4108542367613554096
GameObject:
  m_ObjectHideFlags: 0
  m_CorrespondingSourceObject: {fileID: 0}
  m_PrefabInstance: {fileID: 0}
  m_PrefabAsset: {fileID: 0}
  serializedVersion: 6
  m_Component:
  - component: {fileID: 6121238828738044678}
  - component: {fileID: 7931054916168091155}
  - component: {fileID: 3530042089582634457}
  m_Layer: 0
  m_Name: 000_static_FlowerbedCorner
  m_TagString: Untagged
  m_Icon: {fileID: 0}
  m_NavMeshLayer: 0
  m_StaticEditorFlags: 0
  m_IsActive: 1
--- !u!4 &6121238828738044678
Transform:
  m_ObjectHideFlags: 0
  m_CorrespondingSourceObject: {fileID: 0}
  m_PrefabInstance: {fileID: 0}
  m_PrefabAsset: {fileID: 0}
  m_GameObject: {fileID: 4108542367613554096}
  m_LocalRotation: {x: -0, y: -0, z: -0, w: 1}
  m_LocalPosition: {x: 0, y: 0, z: 0}
  m_LocalScale: {x: 1, y: 1, z: 1}
  m_Children: []
  m_Father: {fileID: 2239622015982287546}
  m_RootOrder: 0
  m_LocalEulerAnglesHint: {x: 0, y: 0, z: 0}
--- !u!33 &7931054916168091155
MeshFilter:
  m_ObjectHideFlags: 0
  m_CorrespondingSourceObject: {fileID: 0}
  m_PrefabInstance: {fileID: 0}
  m_PrefabAsset: {fileID: 0}
  m_GameObject: {fileID: 4108542367613554096}
  m_Mesh: {fileID: 4300000, guid: 30f7ec5c297446e45910c066f870eefb, type: 2}
--- !u!23 &3530042089582634457
MeshRenderer:
  m_ObjectHideFlags: 0
  m_CorrespondingSourceObject: {fileID: 0}
  m_PrefabInstance: {fileID: 0}
  m_PrefabAsset: {fileID: 0}
  m_GameObject: {fileID: 4108542367613554096}
  m_Enabled: 1
  m_CastShadows: 1
  m_ReceiveShadows: 1
  m_DynamicOccludee: 1
  m_StaticShadowCaster: 0
  m_MotionVectors: 1
  m_LightProbeUsage: 1
  m_ReflectionProbeUsage: 1
  m_RayTracingMode: 2
  m_RayTraceProcedural: 0
  m_RenderingLayerMask: 257
  m_RendererPriority: 0
  m_Materials:
  - {fileID: 2100000, guid: cbe14dcd8c581f544b651f68a8f000e1, type: 2}
  m_StaticBatchInfo:
    firstSubMesh: 0
    subMeshCount: 0
  m_StaticBatchRoot: {fileID: 0}
  m_ProbeAnchor: {fileID: 0}
  m_LightProbeVolumeOverride: {fileID: 0}
  m_ScaleInLightmap: 1
  m_ReceiveGI: 1
  m_PreserveUVs: 0
  m_IgnoreNormalsForChartDetection: 0
  m_ImportantGI: 0
  m_StitchLightmapSeams: 1
  m_SelectedEditorRenderState: 3
  m_MinimumChartSize: 4
  m_AutoUVMaxDistance: 0.5
  m_AutoUVMaxAngle: 89
  m_LightmapParameters: {fileID: 0}
  m_SortingLayerID: 0
  m_SortingLayer: 0
  m_SortingOrder: 0
  m_AdditionalVertexStreams: {fileID: 0}
--- !u!1 &4397228316362964279
GameObject:
  m_ObjectHideFlags: 0
  m_CorrespondingSourceObject: {fileID: 0}
  m_PrefabInstance: {fileID: 0}
  m_PrefabAsset: {fileID: 0}
  serializedVersion: 6
  m_Component:
  - component: {fileID: 556650592453541852}
  m_Layer: 0
  m_Name: (POLY FEW)_LODS-DON'T-DELETE-MANUALLY
  m_TagString: Untagged
  m_Icon: {fileID: 0}
  m_NavMeshLayer: 0
  m_StaticEditorFlags: 0
  m_IsActive: 1
--- !u!4 &556650592453541852
Transform:
  m_ObjectHideFlags: 0
  m_CorrespondingSourceObject: {fileID: 0}
  m_PrefabInstance: {fileID: 0}
  m_PrefabAsset: {fileID: 0}
  m_GameObject: {fileID: 4397228316362964279}
  m_LocalRotation: {x: 0, y: 0, z: 0, w: 1}
  m_LocalPosition: {x: 0, y: 0, z: 0}
  m_LocalScale: {x: 1, y: 1, z: 1}
  m_Children:
  - {fileID: 2239622015982287546}
  m_Father: {fileID: 5595113935798207131}
  m_RootOrder: 6
  m_LocalEulerAnglesHint: {x: 0, y: 0, z: 0}
--- !u!1 &4650855792439962912
GameObject:
  m_ObjectHideFlags: 0
  m_CorrespondingSourceObject: {fileID: 0}
  m_PrefabInstance: {fileID: 0}
  m_PrefabAsset: {fileID: 0}
  serializedVersion: 6
  m_Component:
  - component: {fileID: 7537602781162854402}
  - component: {fileID: 1256375881845087623}
  m_Layer: 0
  m_Name: Cube
  m_TagString: Untagged
  m_Icon: {fileID: 0}
  m_NavMeshLayer: 0
  m_StaticEditorFlags: 0
  m_IsActive: 1
--- !u!4 &7537602781162854402
Transform:
  m_ObjectHideFlags: 0
  m_CorrespondingSourceObject: {fileID: 0}
  m_PrefabInstance: {fileID: 0}
  m_PrefabAsset: {fileID: 0}
  m_GameObject: {fileID: 4650855792439962912}
  m_LocalRotation: {x: -0, y: -0, z: -0, w: 1}
  m_LocalPosition: {x: 0.009, y: 0.29800546, z: 0.948}
  m_LocalScale: {x: 1.8138, y: 0.59942997, z: 0.12763}
  m_Children: []
  m_Father: {fileID: 5595113935798207131}
  m_RootOrder: 0
  m_LocalEulerAnglesHint: {x: 0, y: 0, z: 0}
--- !u!64 &1256375881845087623
MeshCollider:
  m_ObjectHideFlags: 0
  m_CorrespondingSourceObject: {fileID: 0}
  m_PrefabInstance: {fileID: 0}
  m_PrefabAsset: {fileID: 0}
  m_GameObject: {fileID: 4650855792439962912}
  m_Material: {fileID: 0}
  m_IsTrigger: 0
  m_Enabled: 1
  serializedVersion: 4
  m_Convex: 1
  m_CookingOptions: 30
  m_Mesh: {fileID: 10202, guid: 0000000000000000e000000000000000, type: 0}
--- !u!1 &8934736637007622280
GameObject:
  m_ObjectHideFlags: 0
  m_CorrespondingSourceObject: {fileID: 0}
  m_PrefabInstance: {fileID: 0}
  m_PrefabAsset: {fileID: 0}
  serializedVersion: 6
  m_Component:
  - component: {fileID: 5595113935798207131}
  - component: {fileID: 3530488706388998317}
  - component: {fileID: 7188406561899005012}
  - component: {fileID: 4247892646888496645}
  - component: {fileID: 1176785474874130664}
  m_Layer: 0
  m_Name: FlowerbedCorner
  m_TagString: Untagged
  m_Icon: {fileID: 0}
  m_NavMeshLayer: 0
  m_StaticEditorFlags: 0
  m_IsActive: 1
--- !u!4 &5595113935798207131
Transform:
  m_ObjectHideFlags: 0
  m_CorrespondingSourceObject: {fileID: 0}
  m_PrefabInstance: {fileID: 0}
  m_PrefabAsset: {fileID: 0}
  m_GameObject: {fileID: 8934736637007622280}
  m_LocalRotation: {x: -0, y: -0, z: -0, w: 1}
  m_LocalPosition: {x: -0.0350523, y: 0.04359082, z: -6.097946}
  m_LocalScale: {x: 1, y: 1, z: 1}
  m_Children:
  - {fileID: 7537602781162854402}
  - {fileID: 5159989317275304822}
  - {fileID: 1317933091833187174}
  - {fileID: 6179456560150703407}
  - {fileID: 7451812359900032711}
  - {fileID: 2868835996427129833}
  - {fileID: 556650592453541852}
  m_Father: {fileID: 0}
  m_RootOrder: 0
  m_LocalEulerAnglesHint: {x: 0, y: 0, z: 0}
--- !u!33 &3530488706388998317
MeshFilter:
  m_ObjectHideFlags: 0
  m_CorrespondingSourceObject: {fileID: 0}
  m_PrefabInstance: {fileID: 0}
  m_PrefabAsset: {fileID: 0}
  m_GameObject: {fileID: 8934736637007622280}
  m_Mesh: {fileID: 2930777375665178688, guid: 60862859019268843b3022be135dbbd0, type: 3}
--- !u!23 &7188406561899005012
MeshRenderer:
  m_ObjectHideFlags: 0
  m_CorrespondingSourceObject: {fileID: 0}
  m_PrefabInstance: {fileID: 0}
  m_PrefabAsset: {fileID: 0}
  m_GameObject: {fileID: 8934736637007622280}
  m_Enabled: 1
  m_CastShadows: 1
  m_ReceiveShadows: 1
  m_DynamicOccludee: 1
  m_StaticShadowCaster: 0
  m_MotionVectors: 1
  m_LightProbeUsage: 1
  m_ReflectionProbeUsage: 1
  m_RayTracingMode: 2
  m_RayTraceProcedural: 0
  m_RenderingLayerMask: 1
  m_RendererPriority: 0
  m_Materials:
  - {fileID: 2100000, guid: cbe14dcd8c581f544b651f68a8f000e1, type: 2}
  m_StaticBatchInfo:
    firstSubMesh: 0
    subMeshCount: 0
  m_StaticBatchRoot: {fileID: 0}
  m_ProbeAnchor: {fileID: 0}
  m_LightProbeVolumeOverride: {fileID: 0}
  m_ScaleInLightmap: 1
  m_ReceiveGI: 1
  m_PreserveUVs: 0
  m_IgnoreNormalsForChartDetection: 0
  m_ImportantGI: 0
  m_StitchLightmapSeams: 1
  m_SelectedEditorRenderState: 3
  m_MinimumChartSize: 4
  m_AutoUVMaxDistance: 0.5
  m_AutoUVMaxAngle: 89
  m_LightmapParameters: {fileID: 0}
  m_SortingLayerID: 0
  m_SortingLayer: 0
  m_SortingOrder: 0
  m_AdditionalVertexStreams: {fileID: 0}
--- !u!114 &4247892646888496645
MonoBehaviour:
  m_ObjectHideFlags: 0
  m_CorrespondingSourceObject: {fileID: 0}
  m_PrefabInstance: {fileID: 0}
  m_PrefabAsset: {fileID: 0}
  m_GameObject: {fileID: 8934736637007622280}
  m_Enabled: 1
  m_EditorHideFlags: 0
  m_Script: {fileID: 11500000, guid: 8a054274092705d47b8cc27f27aab3bc, type: 3}
  m_Name: 
  m_EditorClassIdentifier: 
  dataContainer:
    objectsHistory:
      gameObject: {fileID: 8934736637007622280}
      undoOperations: []
      redoOperations: []
    objectMeshPairs:
      _Buckets: ffffffffffffffff0500000002000000ffffffff0000000004000000
      _HashCodes: 9eec01006aec01008eec010086ec010060ec010078ec010000000000
      _Next: ffffffffffffffffffffffff01000000ffffffff0300000000000000
      _Count: 6
      _Version: 6
      _FreeList: -1
      _FreeCount: 0
      _Keys:
      - {fileID: 8934736637007622280}
      - {fileID: 2598969454807611765}
      - {fileID: 7177206017672585020}
      - {fileID: 5850595949983964372}
      - {fileID: 1264243738963763706}
      - {fileID: 4108542367613554096}
      - {fileID: 0}
      _Values:
      - attachedToMeshFilter: 1
        mesh: {fileID: 2930777375665178688, guid: 60862859019268843b3022be135dbbd0,
          type: 3}
      - attachedToMeshFilter: 1
        mesh: {fileID: 6416302070336371891, guid: f3cfdb06e19d4ee428c4cde1f9992855,
          type: 3}
      - attachedToMeshFilter: 1
        mesh: {fileID: 6416302070336371891, guid: f3cfdb06e19d4ee428c4cde1f9992855,
          type: 3}
      - attachedToMeshFilter: 1
        mesh: {fileID: 6416302070336371891, guid: f3cfdb06e19d4ee428c4cde1f9992855,
          type: 3}
      - attachedToMeshFilter: 1
        mesh: {fileID: 6416302070336371891, guid: f3cfdb06e19d4ee428c4cde1f9992855,
          type: 3}
      - attachedToMeshFilter: 1
        mesh: {fileID: 4300000, guid: 30f7ec5c297446e45910c066f870eefb, type: 2}
      - attachedToMeshFilter: 0
        mesh: {fileID: 0}
    currentLodLevelSettings:
    - reductionStrength: 0
      transitionHeight: 0.6
      preserveUVFoldover: 0
      preserveUVSeams: 0
      preserveBorders: 0
      useEdgeSort: 1
      recalculateNormals: 0
      aggressiveness: 7
      maxIterations: 100
      regardCurvature: 0
      regardTolerance: 0
      combineMeshes: 0
      simplificationOptionsFoldout: 0
      intensityFoldout: 0
      sphereIntensities: []
    - reductionStrength: 55
      transitionHeight: 0.4
      preserveUVFoldover: 0
      preserveUVSeams: 1
      preserveBorders: 0
      useEdgeSort: 1
      recalculateNormals: 1
      aggressiveness: 7
      maxIterations: 100
      regardCurvature: 1
      regardTolerance: 0
      combineMeshes: 0
      simplificationOptionsFoldout: 1
      intensityFoldout: 0
      sphereIntensities: []
    toleranceSpheres: []
    lodBackup:
      originalRenderers: []
      lodParentObject: {fileID: 4397228316362964279}
    textureArraysSettings:
      diffuseArraySettings:
        resolution:
          width: 512
          height: 512
        filteringMode: 0
        compressionType: 0
        compressionQuality: 1
        anisotropicFilteringLevel: 1
        choiceResolutionW: 4
        choiceResolutionH: 4
        choiceFilteringMode: 0
        choiceCompressionQuality: 1
        choiceCompressionType: 0
      metallicArraySettings:
        resolution:
          width: 512
          height: 512
        filteringMode: 0
        compressionType: 0
        compressionQuality: 1
        anisotropicFilteringLevel: 1
        choiceResolutionW: 4
        choiceResolutionH: 4
        choiceFilteringMode: 0
        choiceCompressionQuality: 1
        choiceCompressionType: 0
      specularArraySettings:
        resolution:
          width: 512
          height: 512
        filteringMode: 0
        compressionType: 0
        compressionQuality: 1
        anisotropicFilteringLevel: 1
        choiceResolutionW: 4
        choiceResolutionH: 4
        choiceFilteringMode: 0
        choiceCompressionQuality: 1
        choiceCompressionType: 0
      normalArraySettings:
        resolution:
          width: 512
          height: 512
        filteringMode: 0
        compressionType: 0
        compressionQuality: 1
        anisotropicFilteringLevel: 1
        choiceResolutionW: 4
        choiceResolutionH: 4
        choiceFilteringMode: 0
        choiceCompressionQuality: 1
        choiceCompressionType: 0
      heightArraySettings:
        resolution:
          width: 512
          height: 512
        filteringMode: 0
        compressionType: 0
        compressionQuality: 1
        anisotropicFilteringLevel: 1
        choiceResolutionW: 4
        choiceResolutionH: 4
        choiceFilteringMode: 0
        choiceCompressionQuality: 1
        choiceCompressionType: 0
      occlusionArraySettings:
        resolution:
          width: 512
          height: 512
        filteringMode: 0
        compressionType: 0
        compressionQuality: 1
        anisotropicFilteringLevel: 1
        choiceResolutionW: 4
        choiceResolutionH: 4
        choiceFilteringMode: 0
        choiceCompressionQuality: 1
        choiceCompressionType: 0
      emissiveArraySettings:
        resolution:
          width: 512
          height: 512
        filteringMode: 0
        compressionType: 0
        compressionQuality: 1
        anisotropicFilteringLevel: 1
        choiceResolutionW: 4
        choiceResolutionH: 4
        choiceFilteringMode: 0
        choiceCompressionQuality: 1
        choiceCompressionType: 0
      detailMaskArraySettings:
        resolution:
          width: 512
          height: 512
        filteringMode: 0
        compressionType: 0
        compressionQuality: 1
        anisotropicFilteringLevel: 1
        choiceResolutionW: 4
        choiceResolutionH: 4
        choiceFilteringMode: 0
        choiceCompressionQuality: 1
        choiceCompressionType: 0
      detailAlbedoArraySettings:
        resolution:
          width: 512
          height: 512
        filteringMode: 0
        compressionType: 0
        compressionQuality: 1
        anisotropicFilteringLevel: 1
        choiceResolutionW: 4
        choiceResolutionH: 4
        choiceFilteringMode: 0
        choiceCompressionQuality: 1
        choiceCompressionType: 0
      detailNormalArraySettings:
        resolution:
          width: 512
          height: 512
        filteringMode: 0
        compressionType: 0
        compressionQuality: 1
        anisotropicFilteringLevel: 1
        choiceResolutionW: 4
        choiceResolutionH: 4
        choiceFilteringMode: 0
        choiceCompressionQuality: 1
        choiceCompressionType: 0
    materialsToRestore: []
    lastObjMaterialLinks: {fileID: 0}
    relocateMaterialLinks: 0
    reInitializeTempMatProps: 0
    choiceTextureMap: 0
    choiceDiffuseColorSpace: 0
    batchFewSavePath: 
    existingTextureArrays: []
    existingTextureArraysFoldout: 0
    existingTextureArraysSize: 0
    textureArraysPropsFoldout: 0
    existingArraysProps:
      resolution:
        width: 0
        height: 0
      filteringMode: 0
      compressionType: 0
      compressionQuality: 0
      anisotropicFilteringLevel: 0
      choiceResolutionW: 0
      choiceResolutionH: 0
      choiceFilteringMode: 0
      choiceCompressionQuality: 0
      choiceCompressionType: 0
    choiceColorSpace: 0
    preserveBorders: 0
    preserveUVSeams: 1
    preserveUVFoldover: 0
    useEdgeSort: 1
    recalculateNormals: 1
    maxIterations: 100
    aggressiveness: 7
    regardCurvature: 1
    considerChildren: 0
    isPreservationActive: 0
    sphereDiameter: 0.5
    oldSphereScale: {x: 0, y: 0, z: 0}
    reductionStrength: 0
    reductionPending: 0
    prevFeasibleTarget: {fileID: 8934736637007622280}
    runOnThreads: 0
    triangleCount: 1431
    lastDrawer: {fileID: 0}
    foldoutAutoLOD: 0
    foldoutBatchFew: 0
    foldoutAutoLODMultiple: 0
    objPositionPrevFrame: {x: -0.0350523, y: 0.04359082, z: -6.097946}
    objScalePrevFrame: {x: 1, y: 1, z: 1}
    considerChildrenBatchFew: 1
    autoLODSavePath: 
    foldoutAdditionalOpts: 0
    generateUV2LODs: 0
    copyParentStaticFlags: 0
    copyParentTag: 0
    copyParentLayer: 0
    createAsChildren: 0
    removeLODBackupComponent: 0
    generateUV2batchfew: 0
    removeMaterialLinksComponent: 0
    clearBlendshapesComplete: 0
    clearBlendshapesNormals: 0
    clearBlendshapesTangents: 0
    isPlainSkin: 0
--- !u!205 &1176785474874130664
LODGroup:
  m_ObjectHideFlags: 0
  m_CorrespondingSourceObject: {fileID: 0}
  m_PrefabInstance: {fileID: 0}
  m_PrefabAsset: {fileID: 0}
  m_GameObject: {fileID: 8934736637007622280}
  serializedVersion: 2
  m_LocalReferencePoint: {x: 0.024999976, y: 0.3, z: 0.024999976}
  m_Size: 1.85
  m_FadeMode: 0
  m_AnimateCrossFading: 0
  m_LastLODIsBillboard: 0
  m_LODs:
  - screenRelativeHeight: 0.1448549
    fadeTransitionWidth: 0
    renderers:
    - renderer: {fileID: 7188406561899005012}
  - screenRelativeHeight: 0.015635382
    fadeTransitionWidth: 0
    renderers:
    - renderer: {fileID: 3530042089582634457}
  m_Enabled: 1
--- !u!1001 &2174244974191182655
PrefabInstance:
  m_ObjectHideFlags: 0
  serializedVersion: 2
  m_Modification:
    m_TransformParent: {fileID: 5595113935798207131}
    m_Modifications:
    - target: {fileID: 5700719626916863979, guid: ea0b5994c2fd62e4d860a0c47054a9f4,
        type: 3}
      propertyPath: m_Name
      value: Grass (2)
      objectReference: {fileID: 0}
    - target: {fileID: 8738777220143443448, guid: ea0b5994c2fd62e4d860a0c47054a9f4,
        type: 3}
      propertyPath: m_RootOrder
      value: 4
      objectReference: {fileID: 0}
    - target: {fileID: 8738777220143443448, guid: ea0b5994c2fd62e4d860a0c47054a9f4,
        type: 3}
      propertyPath: m_LocalPosition.x
      value: 0.238
      objectReference: {fileID: 0}
    - target: {fileID: 8738777220143443448, guid: ea0b5994c2fd62e4d860a0c47054a9f4,
        type: 3}
      propertyPath: m_LocalPosition.y
      value: 0
      objectReference: {fileID: 0}
    - target: {fileID: 8738777220143443448, guid: ea0b5994c2fd62e4d860a0c47054a9f4,
        type: 3}
      propertyPath: m_LocalPosition.z
      value: -0.541
      objectReference: {fileID: 0}
    - target: {fileID: 8738777220143443448, guid: ea0b5994c2fd62e4d860a0c47054a9f4,
        type: 3}
      propertyPath: m_LocalRotation.w
      value: 0.9972502
      objectReference: {fileID: 0}
    - target: {fileID: 8738777220143443448, guid: ea0b5994c2fd62e4d860a0c47054a9f4,
        type: 3}
      propertyPath: m_LocalRotation.x
      value: 0
      objectReference: {fileID: 0}
    - target: {fileID: 8738777220143443448, guid: ea0b5994c2fd62e4d860a0c47054a9f4,
        type: 3}
      propertyPath: m_LocalRotation.y
      value: -0.07410855
      objectReference: {fileID: 0}
    - target: {fileID: 8738777220143443448, guid: ea0b5994c2fd62e4d860a0c47054a9f4,
        type: 3}
      propertyPath: m_LocalRotation.z
      value: 0
      objectReference: {fileID: 0}
    - target: {fileID: 8738777220143443448, guid: ea0b5994c2fd62e4d860a0c47054a9f4,
        type: 3}
      propertyPath: m_LocalEulerAnglesHint.x
      value: 0
      objectReference: {fileID: 0}
    - target: {fileID: 8738777220143443448, guid: ea0b5994c2fd62e4d860a0c47054a9f4,
        type: 3}
      propertyPath: m_LocalEulerAnglesHint.y
      value: -8.5
      objectReference: {fileID: 0}
    - target: {fileID: 8738777220143443448, guid: ea0b5994c2fd62e4d860a0c47054a9f4,
        type: 3}
      propertyPath: m_LocalEulerAnglesHint.z
      value: 0
      objectReference: {fileID: 0}
    m_RemovedComponents: []
  m_SourcePrefab: {fileID: 100100000, guid: ea0b5994c2fd62e4d860a0c47054a9f4, type: 3}
--- !u!1 &5850595949983964372 stripped
GameObject:
  m_CorrespondingSourceObject: {fileID: 5700719626916863979, guid: ea0b5994c2fd62e4d860a0c47054a9f4,
    type: 3}
  m_PrefabInstance: {fileID: 2174244974191182655}
  m_PrefabAsset: {fileID: 0}
--- !u!4 &7451812359900032711 stripped
Transform:
  m_CorrespondingSourceObject: {fileID: 8738777220143443448, guid: ea0b5994c2fd62e4d860a0c47054a9f4,
    type: 3}
  m_PrefabInstance: {fileID: 2174244974191182655}
  m_PrefabAsset: {fileID: 0}
--- !u!1001 &3208683431937540311
PrefabInstance:
  m_ObjectHideFlags: 0
  serializedVersion: 2
  m_Modification:
    m_TransformParent: {fileID: 5595113935798207131}
    m_Modifications:
    - target: {fileID: 5700719626916863979, guid: ea0b5994c2fd62e4d860a0c47054a9f4,
        type: 3}
      propertyPath: m_Name
      value: Grass (1)
      objectReference: {fileID: 0}
    - target: {fileID: 8738777220143443448, guid: ea0b5994c2fd62e4d860a0c47054a9f4,
        type: 3}
      propertyPath: m_RootOrder
      value: 3
      objectReference: {fileID: 0}
    - target: {fileID: 8738777220143443448, guid: ea0b5994c2fd62e4d860a0c47054a9f4,
        type: 3}
      propertyPath: m_LocalPosition.x
      value: 0.084
      objectReference: {fileID: 0}
    - target: {fileID: 8738777220143443448, guid: ea0b5994c2fd62e4d860a0c47054a9f4,
        type: 3}
      propertyPath: m_LocalPosition.y
      value: 0
      objectReference: {fileID: 0}
    - target: {fileID: 8738777220143443448, guid: ea0b5994c2fd62e4d860a0c47054a9f4,
        type: 3}
      propertyPath: m_LocalPosition.z
      value: 0.783
      objectReference: {fileID: 0}
    - target: {fileID: 8738777220143443448, guid: ea0b5994c2fd62e4d860a0c47054a9f4,
        type: 3}
      propertyPath: m_LocalRotation.w
      value: 0.91531146
      objectReference: {fileID: 0}
    - target: {fileID: 8738777220143443448, guid: ea0b5994c2fd62e4d860a0c47054a9f4,
        type: 3}
      propertyPath: m_LocalRotation.x
      value: 0
      objectReference: {fileID: 0}
    - target: {fileID: 8738777220143443448, guid: ea0b5994c2fd62e4d860a0c47054a9f4,
        type: 3}
      propertyPath: m_LocalRotation.y
      value: 0.4027467
      objectReference: {fileID: 0}
    - target: {fileID: 8738777220143443448, guid: ea0b5994c2fd62e4d860a0c47054a9f4,
        type: 3}
      propertyPath: m_LocalRotation.z
      value: 0
      objectReference: {fileID: 0}
    - target: {fileID: 8738777220143443448, guid: ea0b5994c2fd62e4d860a0c47054a9f4,
        type: 3}
      propertyPath: m_LocalEulerAnglesHint.x
      value: 0
      objectReference: {fileID: 0}
    - target: {fileID: 8738777220143443448, guid: ea0b5994c2fd62e4d860a0c47054a9f4,
        type: 3}
      propertyPath: m_LocalEulerAnglesHint.y
      value: 47.5
      objectReference: {fileID: 0}
    - target: {fileID: 8738777220143443448, guid: ea0b5994c2fd62e4d860a0c47054a9f4,
        type: 3}
      propertyPath: m_LocalEulerAnglesHint.z
      value: 0
      objectReference: {fileID: 0}
    m_RemovedComponents: []
  m_SourcePrefab: {fileID: 100100000, guid: ea0b5994c2fd62e4d860a0c47054a9f4, type: 3}
--- !u!1 &7177206017672585020 stripped
GameObject:
  m_CorrespondingSourceObject: {fileID: 5700719626916863979, guid: ea0b5994c2fd62e4d860a0c47054a9f4,
    type: 3}
  m_PrefabInstance: {fileID: 3208683431937540311}
  m_PrefabAsset: {fileID: 0}
--- !u!4 &6179456560150703407 stripped
Transform:
  m_CorrespondingSourceObject: {fileID: 8738777220143443448, guid: ea0b5994c2fd62e4d860a0c47054a9f4,
    type: 3}
  m_PrefabInstance: {fileID: 3208683431937540311}
  m_PrefabAsset: {fileID: 0}
--- !u!1001 &6815767815527104017
PrefabInstance:
  m_ObjectHideFlags: 0
  serializedVersion: 2
  m_Modification:
    m_TransformParent: {fileID: 5595113935798207131}
    m_Modifications:
    - target: {fileID: 5700719626916863979, guid: ea0b5994c2fd62e4d860a0c47054a9f4,
        type: 3}
      propertyPath: m_Name
      value: Grass (3)
      objectReference: {fileID: 0}
    - target: {fileID: 8738777220143443448, guid: ea0b5994c2fd62e4d860a0c47054a9f4,
        type: 3}
      propertyPath: m_RootOrder
      value: 5
      objectReference: {fileID: 0}
    - target: {fileID: 8738777220143443448, guid: ea0b5994c2fd62e4d860a0c47054a9f4,
        type: 3}
      propertyPath: m_LocalScale.x
      value: 0.4
      objectReference: {fileID: 0}
    - target: {fileID: 8738777220143443448, guid: ea0b5994c2fd62e4d860a0c47054a9f4,
        type: 3}
      propertyPath: m_LocalScale.y
      value: 0.4
      objectReference: {fileID: 0}
    - target: {fileID: 8738777220143443448, guid: ea0b5994c2fd62e4d860a0c47054a9f4,
        type: 3}
      propertyPath: m_LocalScale.z
      value: 0.4
      objectReference: {fileID: 0}
    - target: {fileID: 8738777220143443448, guid: ea0b5994c2fd62e4d860a0c47054a9f4,
        type: 3}
      propertyPath: m_LocalPosition.x
      value: -0.724
      objectReference: {fileID: 0}
    - target: {fileID: 8738777220143443448, guid: ea0b5994c2fd62e4d860a0c47054a9f4,
        type: 3}
      propertyPath: m_LocalPosition.y
      value: 0
      objectReference: {fileID: 0}
    - target: {fileID: 8738777220143443448, guid: ea0b5994c2fd62e4d860a0c47054a9f4,
        type: 3}
      propertyPath: m_LocalPosition.z
      value: 0.047
      objectReference: {fileID: 0}
    - target: {fileID: 8738777220143443448, guid: ea0b5994c2fd62e4d860a0c47054a9f4,
        type: 3}
      propertyPath: m_LocalRotation.w
      value: 0.9051983
      objectReference: {fileID: 0}
    - target: {fileID: 8738777220143443448, guid: ea0b5994c2fd62e4d860a0c47054a9f4,
        type: 3}
      propertyPath: m_LocalRotation.x
      value: 0
      objectReference: {fileID: 0}
    - target: {fileID: 8738777220143443448, guid: ea0b5994c2fd62e4d860a0c47054a9f4,
        type: 3}
      propertyPath: m_LocalRotation.y
      value: -0.42498952
      objectReference: {fileID: 0}
    - target: {fileID: 8738777220143443448, guid: ea0b5994c2fd62e4d860a0c47054a9f4,
        type: 3}
      propertyPath: m_LocalRotation.z
      value: 0
      objectReference: {fileID: 0}
    - target: {fileID: 8738777220143443448, guid: ea0b5994c2fd62e4d860a0c47054a9f4,
        type: 3}
      propertyPath: m_LocalEulerAnglesHint.x
      value: 0
      objectReference: {fileID: 0}
    - target: {fileID: 8738777220143443448, guid: ea0b5994c2fd62e4d860a0c47054a9f4,
        type: 3}
      propertyPath: m_LocalEulerAnglesHint.y
      value: -50.3
      objectReference: {fileID: 0}
    - target: {fileID: 8738777220143443448, guid: ea0b5994c2fd62e4d860a0c47054a9f4,
        type: 3}
      propertyPath: m_LocalEulerAnglesHint.z
      value: 0
      objectReference: {fileID: 0}
    m_RemovedComponents: []
  m_SourcePrefab: {fileID: 100100000, guid: ea0b5994c2fd62e4d860a0c47054a9f4, type: 3}
--- !u!1 &1264243738963763706 stripped
GameObject:
  m_CorrespondingSourceObject: {fileID: 5700719626916863979, guid: ea0b5994c2fd62e4d860a0c47054a9f4,
    type: 3}
  m_PrefabInstance: {fileID: 6815767815527104017}
  m_PrefabAsset: {fileID: 0}
--- !u!4 &2868835996427129833 stripped
Transform:
  m_CorrespondingSourceObject: {fileID: 8738777220143443448, guid: ea0b5994c2fd62e4d860a0c47054a9f4,
    type: 3}
  m_PrefabInstance: {fileID: 6815767815527104017}
  m_PrefabAsset: {fileID: 0}
--- !u!1001 &7713648834150131358
PrefabInstance:
  m_ObjectHideFlags: 0
  serializedVersion: 2
  m_Modification:
    m_TransformParent: {fileID: 5595113935798207131}
    m_Modifications:
    - target: {fileID: 5700719626916863979, guid: ea0b5994c2fd62e4d860a0c47054a9f4,
        type: 3}
      propertyPath: m_Name
      value: Grass
      objectReference: {fileID: 0}
    - target: {fileID: 8738777220143443448, guid: ea0b5994c2fd62e4d860a0c47054a9f4,
        type: 3}
      propertyPath: m_RootOrder
      value: 2
      objectReference: {fileID: 0}
    - target: {fileID: 8738777220143443448, guid: ea0b5994c2fd62e4d860a0c47054a9f4,
        type: 3}
      propertyPath: m_LocalPosition.x
      value: 0.659
      objectReference: {fileID: 0}
    - target: {fileID: 8738777220143443448, guid: ea0b5994c2fd62e4d860a0c47054a9f4,
        type: 3}
      propertyPath: m_LocalPosition.y
      value: 0
      objectReference: {fileID: 0}
    - target: {fileID: 8738777220143443448, guid: ea0b5994c2fd62e4d860a0c47054a9f4,
        type: 3}
      propertyPath: m_LocalPosition.z
      value: 0.783
      objectReference: {fileID: 0}
    - target: {fileID: 8738777220143443448, guid: ea0b5994c2fd62e4d860a0c47054a9f4,
        type: 3}
      propertyPath: m_LocalRotation.w
      value: 0
      objectReference: {fileID: 0}
    - target: {fileID: 8738777220143443448, guid: ea0b5994c2fd62e4d860a0c47054a9f4,
        type: 3}
      propertyPath: m_LocalRotation.x
      value: 0
      objectReference: {fileID: 0}
    - target: {fileID: 8738777220143443448, guid: ea0b5994c2fd62e4d860a0c47054a9f4,
        type: 3}
      propertyPath: m_LocalRotation.y
      value: 1
      objectReference: {fileID: 0}
    - target: {fileID: 8738777220143443448, guid: ea0b5994c2fd62e4d860a0c47054a9f4,
        type: 3}
      propertyPath: m_LocalRotation.z
      value: 0
      objectReference: {fileID: 0}
    - target: {fileID: 8738777220143443448, guid: ea0b5994c2fd62e4d860a0c47054a9f4,
        type: 3}
      propertyPath: m_LocalEulerAnglesHint.x
      value: 0
      objectReference: {fileID: 0}
    - target: {fileID: 8738777220143443448, guid: ea0b5994c2fd62e4d860a0c47054a9f4,
        type: 3}
      propertyPath: m_LocalEulerAnglesHint.y
      value: 180
      objectReference: {fileID: 0}
    - target: {fileID: 8738777220143443448, guid: ea0b5994c2fd62e4d860a0c47054a9f4,
        type: 3}
      propertyPath: m_LocalEulerAnglesHint.z
      value: 0
      objectReference: {fileID: 0}
    m_RemovedComponents: []
  m_SourcePrefab: {fileID: 100100000, guid: ea0b5994c2fd62e4d860a0c47054a9f4, type: 3}
--- !u!1 &2598969454807611765 stripped
GameObject:
  m_CorrespondingSourceObject: {fileID: 5700719626916863979, guid: ea0b5994c2fd62e4d860a0c47054a9f4,
    type: 3}
  m_PrefabInstance: {fileID: 7713648834150131358}
  m_PrefabAsset: {fileID: 0}
--- !u!4 &1317933091833187174 stripped
Transform:
  m_CorrespondingSourceObject: {fileID: 8738777220143443448, guid: ea0b5994c2fd62e4d860a0c47054a9f4,
    type: 3}
  m_PrefabInstance: {fileID: 7713648834150131358}
  m_PrefabAsset: {fileID: 0}
