%YAML 1.1
%TAG !u! tag:unity3d.com,2011:
--- !u!114 &176844016267452133
MonoBehaviour:
  m_ObjectHideFlags: 0
  m_CorrespondingSourceObject: {fileID: 0}
  m_PrefabInstance: {fileID: 0}
  m_PrefabAsset: {fileID: 0}
  m_GameObject: {fileID: 3506928337234652406}
  m_Enabled: 1
  m_EditorHideFlags: 0
  m_Script: {fileID: 11500000, guid: 8c757c2ef43eeba4aac268219dc0f5ed, type: 3}
  m_Name: 
  m_EditorClassIdentifier: 
  door: {fileID: 3506928337234227414}
  closedLocalPos: {x: 0, y: 0, z: 0}
  openLocalPos: {x: 0, y: 0, z: 0}
  closedLocalEuler: {x: 0, y: 0, z: 0}
  openLocalEuler: {x: 0, y: 0, z: 0}
  closedLocalScale: {x: 0, y: 0, z: 0}
  openLocalScale: {x: 0, y: 0, z: 0}
  desiredPos: {x: 0, y: 0, z: 0}
  desiredEuler: {x: 0, y: 0, z: 0}
  desiredScale: {x: 0, y: 0, z: 0}
  preset: {fileID: 11400000, guid: e516137a809658a4aba3dd93390b91ce, type: 2}
  desiredTransition: 0
  currentTransition: 0
  isOpen: 0
  interacting: {fileID: 0}
  isAnimating: 0
  isSetup: 0
  isOpening: 0
  isClosing: 0
  updateLoopingParams: 0
  removePlayerCollisionsWhileAnimating: 0
--- !u!114 &3506928337234618987
MonoBehaviour:
  m_ObjectHideFlags: 0
  m_CorrespondingSourceObject: {fileID: 0}
  m_PrefabInstance: {fileID: 0}
  m_PrefabAsset: {fileID: 0}
  m_GameObject: {fileID: 3506928337234652406}
  m_Enabled: 1
  m_EditorHideFlags: 0
  m_Script: {fileID: 11500000, guid: ff412bc5692e0224e8f0e6696be8fc6d, type: 3}
  m_Name: 
  m_EditorClassIdentifier: 
  id: 0
  meshes: []
  lod: {fileID: 0}
  rb: {fileID: 0}
  coll: {fileID: 3506928337240932950}
  altColl: {fileID: 0}
  flash: {fileID: 0}
  doorMovement: {fileID: 176844016267452133}
  secondaryDoorMovement: {fileID: 0}
  thirdDoorMovement: {fileID: 0}
  lightController: {fileID: 0}
  steam: {fileID: 0}
  computer: {fileID: 0}
  securitySystem: {fileID: 0}
  fileSystem: {fileID: 0}
  decalProjector: {fileID: 0}
  pages: []
  partSystem: {fileID: 0}
  lockParentOverride: {fileID: 0}
  lockedInTransformOffset: {x: 0, y: 0, z: 0}
  enableSwitchSync: 0
  switchSyncObjects: []
  isVisible: 1
  isCarriedByPlayer: 0
  carryProgress: 0
  physicsOn: 0
  minimumPhysicsTime: 0
  damageEligable: 0
  wasTrigger: 0
  thrownBy: {fileID: 0}
  lookAtTarget: {fileID: 0}
  interactionWindow: {fileID: 0}
  isDoor: {fileID: 0}
  isActor: {fileID: 0}
  belongsTo: {fileID: 0}
  isPhone: 0
  phoneReciever: {fileID: 0}
  particleSystemDistance: 20
  willBeSavedWithCity: 0
  willBeSavedWithState: 0
  isMainLight: 0
  debugInteractable: []
  debugAngle: 0
  debugFurnitureAnchorNodePos: {x: 0, y: 0, z: 0}
  debugLocalPos: {x: 0, y: 0, z: 0}
  debugLocalEuler: {x: 0, y: 0, z: 0}
  debugWorldPos: {x: 0, y: 0, z: 0}
  debugInteractablePredictedWorldPos: {x: 0, y: 0, z: 0}
  debugNodeCoord: {x: 0, y: 0, z: 0}
  debugUsagePoint:
    useSetting:
      usageOffset: {x: 0, y: 0, z: 0.35}
      facingOffset: {x: 0, y: 0, z: 0}
      useNodeFloorPosition: 1
      useDoorBehaviour: 0
      useSittingOffset: 0
      useArmsStandingOffset: 0
    useageWorldPosition: {x: 0, y: 0, z: 0}
    worldLookAtPoint: {x: 0, y: 0, z: 0}
    debugDefaultSlot: {fileID: 0}
    debugSlot1: {fileID: 0}
    debugSlot2: {fileID: 0}
    slotLog: []
  debugOwnedBy: {fileID: 0}
  debugWrittenBy: {fileID: 0}
  debugReceivedBy: {fileID: 0}
  debugFurnitureOwnedBy: []
  debugSwitchState: 0
  debugState1: 0
  debugRoom: {fileID: 0}
  debugVent:
    ventID: 0
    ventType: 0
    room: {fileID: 0}
    group: {fileID: 0}
    mapButton: {fileID: 0}
    discovered: 0
    removed: 0
    spawned: {fileID: 0}
    debugNode: {x: 0, y: 0, z: 0}
    debugRoomNode: {x: 0, y: 0, z: 0}
--- !u!114 &3008562007828724682
MonoBehaviour:
  m_ObjectHideFlags: 0
  m_CorrespondingSourceObject: {fileID: 0}
  m_PrefabInstance: {fileID: 0}
  m_PrefabAsset: {fileID: 0}
  m_GameObject: {fileID: 3506928337723599578}
  m_Enabled: 1
  m_EditorHideFlags: 0
  m_Script: {fileID: 11500000, guid: 8c757c2ef43eeba4aac268219dc0f5ed, type: 3}
  m_Name: 
  m_EditorClassIdentifier: 
  door: {fileID: 3506928337723569914}
  closedLocalPos: {x: 0, y: 0, z: 0}
  openLocalPos: {x: 0, y: 0, z: 0}
  closedLocalEuler: {x: 0, y: 0, z: 0}
  openLocalEuler: {x: 0, y: 0, z: 0}
  closedLocalScale: {x: 0, y: 0, z: 0}
  openLocalScale: {x: 0, y: 0, z: 0}
  desiredPos: {x: 0, y: 0, z: 0}
  desiredEuler: {x: 0, y: 0, z: 0}
  desiredScale: {x: 0, y: 0, z: 0}
  preset: {fileID: 11400000, guid: e516137a809658a4aba3dd93390b91ce, type: 2}
  desiredTransition: 0
  currentTransition: 0
  isOpen: 0
  interacting: {fileID: 0}
  isAnimating: 0
  isSetup: 0
  isOpening: 0
  isClosing: 0
  updateLoopingParams: 0
  removePlayerCollisionsWhileAnimating: 0
--- !u!114 &3506928337723698296
MonoBehaviour:
  m_ObjectHideFlags: 0
  m_CorrespondingSourceObject: {fileID: 0}
  m_PrefabInstance: {fileID: 0}
  m_PrefabAsset: {fileID: 0}
  m_GameObject: {fileID: 3506928337723599578}
  m_Enabled: 1
  m_EditorHideFlags: 0
  m_Script: {fileID: 11500000, guid: ff412bc5692e0224e8f0e6696be8fc6d, type: 3}
  m_Name: 
  m_EditorClassIdentifier: 
  id: 3
  meshes: []
  lod: {fileID: 0}
  rb: {fileID: 0}
  coll: {fileID: 3506928337721492602}
  altColl: {fileID: 0}
  flash: {fileID: 0}
  doorMovement: {fileID: 3008562007828724682}
  secondaryDoorMovement: {fileID: 0}
  thirdDoorMovement: {fileID: 0}
  lightController: {fileID: 0}
  steam: {fileID: 0}
  computer: {fileID: 0}
  securitySystem: {fileID: 0}
  fileSystem: {fileID: 0}
  decalProjector: {fileID: 0}
  pages: []
  partSystem: {fileID: 0}
  lockParentOverride: {fileID: 0}
  lockedInTransformOffset: {x: 0, y: 0, z: 0}
  enableSwitchSync: 0
  switchSyncObjects: []
  isVisible: 1
  isCarriedByPlayer: 0
  carryProgress: 0
  physicsOn: 0
  minimumPhysicsTime: 0
  damageEligable: 0
  wasTrigger: 0
  thrownBy: {fileID: 0}
  lookAtTarget: {fileID: 0}
  interactionWindow: {fileID: 0}
  isDoor: {fileID: 0}
  isActor: {fileID: 0}
  belongsTo: {fileID: 0}
  isPhone: 0
  phoneReciever: {fileID: 0}
  particleSystemDistance: 20
  willBeSavedWithCity: 0
  willBeSavedWithState: 0
  isMainLight: 0
  debugInteractable: []
  debugAngle: 0
  debugFurnitureAnchorNodePos: {x: 0, y: 0, z: 0}
  debugLocalPos: {x: 0, y: 0, z: 0}
  debugLocalEuler: {x: 0, y: 0, z: 0}
  debugWorldPos: {x: 0, y: 0, z: 0}
  debugInteractablePredictedWorldPos: {x: 0, y: 0, z: 0}
  debugNodeCoord: {x: 0, y: 0, z: 0}
  debugUsagePoint:
    useSetting:
      usageOffset: {x: 0, y: 0, z: 0.35}
      facingOffset: {x: 0, y: 0, z: 0}
      useNodeFloorPosition: 1
      useDoorBehaviour: 0
      useSittingOffset: 0
      useArmsStandingOffset: 0
    useageWorldPosition: {x: 0, y: 0, z: 0}
    worldLookAtPoint: {x: 0, y: 0, z: 0}
    debugDefaultSlot: {fileID: 0}
    debugSlot1: {fileID: 0}
    debugSlot2: {fileID: 0}
    slotLog: []
  debugOwnedBy: {fileID: 0}
  debugWrittenBy: {fileID: 0}
  debugReceivedBy: {fileID: 0}
  debugFurnitureOwnedBy: []
  debugSwitchState: 0
  debugState1: 0
  debugRoom: {fileID: 0}
  debugVent:
    ventID: 0
    ventType: 0
    room: {fileID: 0}
    group: {fileID: 0}
    mapButton: {fileID: 0}
    discovered: 0
    removed: 0
    spawned: {fileID: 0}
    debugNode: {x: 0, y: 0, z: 0}
    debugRoomNode: {x: 0, y: 0, z: 0}
--- !u!114 &3506928337776489401
MonoBehaviour:
  m_ObjectHideFlags: 0
  m_CorrespondingSourceObject: {fileID: 0}
  m_PrefabInstance: {fileID: 0}
  m_PrefabAsset: {fileID: 0}
  m_GameObject: {fileID: 3506928337776456964}
  m_Enabled: 1
  m_EditorHideFlags: 0
  m_Script: {fileID: 11500000, guid: ff412bc5692e0224e8f0e6696be8fc6d, type: 3}
  m_Name: 
  m_EditorClassIdentifier: 
  id: 4
  meshes: []
  lod: {fileID: 0}
  rb: {fileID: 0}
  coll: {fileID: 3506928337770159012}
  altColl: {fileID: 0}
  flash: {fileID: 0}
  doorMovement: {fileID: 6343474838438437601}
  secondaryDoorMovement: {fileID: 0}
  thirdDoorMovement: {fileID: 0}
  lightController: {fileID: 0}
  steam: {fileID: 0}
  computer: {fileID: 0}
  securitySystem: {fileID: 0}
  fileSystem: {fileID: 0}
  decalProjector: {fileID: 0}
  pages: []
  partSystem: {fileID: 0}
  lockParentOverride: {fileID: 0}
  lockedInTransformOffset: {x: 0, y: 0, z: 0}
  enableSwitchSync: 0
  switchSyncObjects: []
  isVisible: 1
  isCarriedByPlayer: 0
  carryProgress: 0
  physicsOn: 0
  minimumPhysicsTime: 0
  damageEligable: 0
  wasTrigger: 0
  thrownBy: {fileID: 0}
  lookAtTarget: {fileID: 0}
  interactionWindow: {fileID: 0}
  isDoor: {fileID: 0}
  isActor: {fileID: 0}
  belongsTo: {fileID: 0}
  isPhone: 0
  phoneReciever: {fileID: 0}
  particleSystemDistance: 20
  willBeSavedWithCity: 0
  willBeSavedWithState: 0
  isMainLight: 0
  debugInteractable: []
  debugAngle: 0
  debugFurnitureAnchorNodePos: {x: 0, y: 0, z: 0}
  debugLocalPos: {x: 0, y: 0, z: 0}
  debugLocalEuler: {x: 0, y: 0, z: 0}
  debugWorldPos: {x: 0, y: 0, z: 0}
  debugInteractablePredictedWorldPos: {x: 0, y: 0, z: 0}
  debugNodeCoord: {x: 0, y: 0, z: 0}
  debugUsagePoint:
    useSetting:
      usageOffset: {x: 0, y: 0, z: 0.35}
      facingOffset: {x: 0, y: 0, z: 0}
      useNodeFloorPosition: 1
      useDoorBehaviour: 0
      useSittingOffset: 0
      useArmsStandingOffset: 0
    useageWorldPosition: {x: 0, y: 0, z: 0}
    worldLookAtPoint: {x: 0, y: 0, z: 0}
    debugDefaultSlot: {fileID: 0}
    debugSlot1: {fileID: 0}
    debugSlot2: {fileID: 0}
    slotLog: []
  debugOwnedBy: {fileID: 0}
  debugWrittenBy: {fileID: 0}
  debugReceivedBy: {fileID: 0}
  debugFurnitureOwnedBy: []
  debugSwitchState: 0
  debugState1: 0
  debugRoom: {fileID: 0}
  debugVent:
    ventID: 0
    ventType: 0
    room: {fileID: 0}
    group: {fileID: 0}
    mapButton: {fileID: 0}
    discovered: 0
    removed: 0
    spawned: {fileID: 0}
    debugNode: {x: 0, y: 0, z: 0}
    debugRoomNode: {x: 0, y: 0, z: 0}
--- !u!114 &6343474838438437601
MonoBehaviour:
  m_ObjectHideFlags: 0
  m_CorrespondingSourceObject: {fileID: 0}
  m_PrefabInstance: {fileID: 0}
  m_PrefabAsset: {fileID: 0}
  m_GameObject: {fileID: 3506928337776456964}
  m_Enabled: 1
  m_EditorHideFlags: 0
  m_Script: {fileID: 11500000, guid: 8c757c2ef43eeba4aac268219dc0f5ed, type: 3}
  m_Name: 
  m_EditorClassIdentifier: 
  door: {fileID: 3506928337776617764}
  closedLocalPos: {x: 0, y: 0, z: 0}
  openLocalPos: {x: 0, y: 0, z: 0}
  closedLocalEuler: {x: 0, y: 0, z: 0}
  openLocalEuler: {x: 0, y: 0, z: 0}
  closedLocalScale: {x: 0, y: 0, z: 0}
  openLocalScale: {x: 0, y: 0, z: 0}
  desiredPos: {x: 0, y: 0, z: 0}
  desiredEuler: {x: 0, y: 0, z: 0}
  desiredScale: {x: 0, y: 0, z: 0}
  preset: {fileID: 11400000, guid: e516137a809658a4aba3dd93390b91ce, type: 2}
  desiredTransition: 0
  currentTransition: 0
  isOpen: 0
  interacting: {fileID: 0}
  isAnimating: 0
  isSetup: 0
  isOpening: 0
  isClosing: 0
  updateLoopingParams: 0
  removePlayerCollisionsWhileAnimating: 0
--- !u!114 &3506928337783430136
MonoBehaviour:
  m_ObjectHideFlags: 0
  m_CorrespondingSourceObject: {fileID: 0}
  m_PrefabInstance: {fileID: 0}
  m_PrefabAsset: {fileID: 0}
  m_GameObject: {fileID: 3506928337783397723}
  m_Enabled: 1
  m_EditorHideFlags: 0
  m_Script: {fileID: 11500000, guid: ff412bc5692e0224e8f0e6696be8fc6d, type: 3}
  m_Name: 
  m_EditorClassIdentifier: 
  id: 2
  meshes: []
  lod: {fileID: 0}
  rb: {fileID: 0}
  coll: {fileID: 3506928337781306363}
  altColl: {fileID: 0}
  flash: {fileID: 0}
  doorMovement: {fileID: 6129956875574595531}
  secondaryDoorMovement: {fileID: 0}
  thirdDoorMovement: {fileID: 0}
  lightController: {fileID: 0}
  steam: {fileID: 0}
  computer: {fileID: 0}
  securitySystem: {fileID: 0}
  fileSystem: {fileID: 0}
  decalProjector: {fileID: 0}
  pages: []
  partSystem: {fileID: 0}
  lockParentOverride: {fileID: 0}
  lockedInTransformOffset: {x: 0, y: 0, z: 0}
  enableSwitchSync: 0
  switchSyncObjects: []
  isVisible: 1
  isCarriedByPlayer: 0
  carryProgress: 0
  physicsOn: 0
  minimumPhysicsTime: 0
  damageEligable: 0
  wasTrigger: 0
  thrownBy: {fileID: 0}
  lookAtTarget: {fileID: 0}
  interactionWindow: {fileID: 0}
  isDoor: {fileID: 0}
  isActor: {fileID: 0}
  belongsTo: {fileID: 0}
  isPhone: 0
  phoneReciever: {fileID: 0}
  particleSystemDistance: 20
  willBeSavedWithCity: 0
  willBeSavedWithState: 0
  isMainLight: 0
  debugInteractable: []
  debugAngle: 0
  debugFurnitureAnchorNodePos: {x: 0, y: 0, z: 0}
  debugLocalPos: {x: 0, y: 0, z: 0}
  debugLocalEuler: {x: 0, y: 0, z: 0}
  debugWorldPos: {x: 0, y: 0, z: 0}
  debugInteractablePredictedWorldPos: {x: 0, y: 0, z: 0}
  debugNodeCoord: {x: 0, y: 0, z: 0}
  debugUsagePoint:
    useSetting:
      usageOffset: {x: 0, y: 0, z: 0.35}
      facingOffset: {x: 0, y: 0, z: 0}
      useNodeFloorPosition: 1
      useDoorBehaviour: 0
      useSittingOffset: 0
      useArmsStandingOffset: 0
    useageWorldPosition: {x: 0, y: 0, z: 0}
    worldLookAtPoint: {x: 0, y: 0, z: 0}
    debugDefaultSlot: {fileID: 0}
    debugSlot1: {fileID: 0}
    debugSlot2: {fileID: 0}
    slotLog: []
  debugOwnedBy: {fileID: 0}
  debugWrittenBy: {fileID: 0}
  debugReceivedBy: {fileID: 0}
  debugFurnitureOwnedBy: []
  debugSwitchState: 0
  debugState1: 0
  debugRoom: {fileID: 0}
  debugVent:
    ventID: 0
    ventType: 0
    room: {fileID: 0}
    group: {fileID: 0}
    mapButton: {fileID: 0}
    discovered: 0
    removed: 0
    spawned: {fileID: 0}
    debugNode: {x: 0, y: 0, z: 0}
    debugRoomNode: {x: 0, y: 0, z: 0}
--- !u!114 &6129956875574595531
MonoBehaviour:
  m_ObjectHideFlags: 0
  m_CorrespondingSourceObject: {fileID: 0}
  m_PrefabInstance: {fileID: 0}
  m_PrefabAsset: {fileID: 0}
  m_GameObject: {fileID: 3506928337783397723}
  m_Enabled: 1
  m_EditorHideFlags: 0
  m_Script: {fileID: 11500000, guid: 8c757c2ef43eeba4aac268219dc0f5ed, type: 3}
  m_Name: 
  m_EditorClassIdentifier: 
  door: {fileID: 3506928337783292283}
  closedLocalPos: {x: 0, y: 0, z: 0}
  openLocalPos: {x: 0, y: 0, z: 0}
  closedLocalEuler: {x: 0, y: 0, z: 0}
  openLocalEuler: {x: 0, y: 0, z: 0}
  closedLocalScale: {x: 0, y: 0, z: 0}
  openLocalScale: {x: 0, y: 0, z: 0}
  desiredPos: {x: 0, y: 0, z: 0}
  desiredEuler: {x: 0, y: 0, z: 0}
  desiredScale: {x: 0, y: 0, z: 0}
  preset: {fileID: 11400000, guid: e516137a809658a4aba3dd93390b91ce, type: 2}
  desiredTransition: 0
  currentTransition: 0
  isOpen: 0
  interacting: {fileID: 0}
  isAnimating: 0
  isSetup: 0
  isOpening: 0
  isClosing: 0
  updateLoopingParams: 0
  removePlayerCollisionsWhileAnimating: 0
--- !u!114 &3506928337859699742
MonoBehaviour:
  m_ObjectHideFlags: 0
  m_CorrespondingSourceObject: {fileID: 0}
  m_PrefabInstance: {fileID: 0}
  m_PrefabAsset: {fileID: 0}
  m_GameObject: {fileID: 3506928337859732153}
  m_Enabled: 1
  m_EditorHideFlags: 0
  m_Script: {fileID: 11500000, guid: ff412bc5692e0224e8f0e6696be8fc6d, type: 3}
  m_Name: 
  m_EditorClassIdentifier: 
  id: 1
  meshes: []
  lod: {fileID: 0}
  rb: {fileID: 0}
  coll: {fileID: 3506928337853434905}
  altColl: {fileID: 0}
  flash: {fileID: 0}
  doorMovement: {fileID: 8504168050152277641}
  secondaryDoorMovement: {fileID: 0}
  thirdDoorMovement: {fileID: 0}
  lightController: {fileID: 0}
  steam: {fileID: 0}
  computer: {fileID: 0}
  securitySystem: {fileID: 0}
  fileSystem: {fileID: 0}
  decalProjector: {fileID: 0}
  pages: []
  partSystem: {fileID: 0}
  lockParentOverride: {fileID: 0}
  lockedInTransformOffset: {x: 0, y: 0, z: 0}
  enableSwitchSync: 0
  switchSyncObjects: []
  isVisible: 1
  isCarriedByPlayer: 0
  carryProgress: 0
  physicsOn: 0
  minimumPhysicsTime: 0
  damageEligable: 0
  wasTrigger: 0
  thrownBy: {fileID: 0}
  lookAtTarget: {fileID: 0}
  interactionWindow: {fileID: 0}
  isDoor: {fileID: 0}
  isActor: {fileID: 0}
  belongsTo: {fileID: 0}
  isPhone: 0
  phoneReciever: {fileID: 0}
  particleSystemDistance: 20
  willBeSavedWithCity: 0
  willBeSavedWithState: 0
  isMainLight: 0
  debugInteractable: []
  debugAngle: 0
  debugFurnitureAnchorNodePos: {x: 0, y: 0, z: 0}
  debugLocalPos: {x: 0, y: 0, z: 0}
  debugLocalEuler: {x: 0, y: 0, z: 0}
  debugWorldPos: {x: 0, y: 0, z: 0}
  debugInteractablePredictedWorldPos: {x: 0, y: 0, z: 0}
  debugNodeCoord: {x: 0, y: 0, z: 0}
  debugUsagePoint:
    useSetting:
      usageOffset: {x: 0, y: 0, z: 0.35}
      facingOffset: {x: 0, y: 0, z: 0}
      useNodeFloorPosition: 1
      useDoorBehaviour: 0
      useSittingOffset: 0
      useArmsStandingOffset: 0
    useageWorldPosition: {x: 0, y: 0, z: 0}
    worldLookAtPoint: {x: 0, y: 0, z: 0}
    debugDefaultSlot: {fileID: 0}
    debugSlot1: {fileID: 0}
    debugSlot2: {fileID: 0}
    slotLog: []
  debugOwnedBy: {fileID: 0}
  debugWrittenBy: {fileID: 0}
  debugReceivedBy: {fileID: 0}
  debugFurnitureOwnedBy: []
  debugSwitchState: 0
  debugState1: 0
  debugRoom: {fileID: 0}
  debugVent:
    ventID: 0
    ventType: 0
    room: {fileID: 0}
    group: {fileID: 0}
    mapButton: {fileID: 0}
    discovered: 0
    removed: 0
    spawned: {fileID: 0}
    debugNode: {x: 0, y: 0, z: 0}
    debugRoomNode: {x: 0, y: 0, z: 0}
--- !u!114 &8504168050152277641
MonoBehaviour:
  m_ObjectHideFlags: 0
  m_CorrespondingSourceObject: {fileID: 0}
  m_PrefabInstance: {fileID: 0}
  m_PrefabAsset: {fileID: 0}
  m_GameObject: {fileID: 3506928337859732153}
  m_Enabled: 1
  m_EditorHideFlags: 0
  m_Script: {fileID: 11500000, guid: 8c757c2ef43eeba4aac268219dc0f5ed, type: 3}
  m_Name: 
  m_EditorClassIdentifier: 
  door: {fileID: 3506928337860099737}
  closedLocalPos: {x: 0, y: 0, z: 0}
  openLocalPos: {x: 0, y: 0, z: 0}
  closedLocalEuler: {x: 0, y: 0, z: 0}
  openLocalEuler: {x: 0, y: 0, z: 0}
  closedLocalScale: {x: 0, y: 0, z: 0}
  openLocalScale: {x: 0, y: 0, z: 0}
  desiredPos: {x: 0, y: 0, z: 0}
  desiredEuler: {x: 0, y: 0, z: 0}
  desiredScale: {x: 0, y: 0, z: 0}
  preset: {fileID: 11400000, guid: e516137a809658a4aba3dd93390b91ce, type: 2}
  desiredTransition: 0
  currentTransition: 0
  isOpen: 0
  interacting: {fileID: 0}
  isAnimating: 0
  isSetup: 0
  isOpening: 0
  isClosing: 0
  updateLoopingParams: 0
  removePlayerCollisionsWhileAnimating: 0
--- !u!114 &3506928338375144524
MonoBehaviour:
  m_ObjectHideFlags: 0
  m_CorrespondingSourceObject: {fileID: 0}
  m_PrefabInstance: {fileID: 0}
  m_PrefabAsset: {fileID: 0}
  m_GameObject: {fileID: 3506928338375045871}
  m_Enabled: 1
  m_EditorHideFlags: 0
  m_Script: {fileID: 11500000, guid: ff412bc5692e0224e8f0e6696be8fc6d, type: 3}
  m_Name: 
  m_EditorClassIdentifier: 
  id: 5
  meshes: []
  lod: {fileID: 0}
  rb: {fileID: 0}
  coll: {fileID: 3506928338381331535}
  altColl: {fileID: 0}
  flash: {fileID: 0}
  doorMovement: {fileID: 6246762133016499549}
  secondaryDoorMovement: {fileID: 0}
  thirdDoorMovement: {fileID: 0}
  lightController: {fileID: 0}
  steam: {fileID: 0}
  computer: {fileID: 0}
  securitySystem: {fileID: 0}
  fileSystem: {fileID: 0}
  decalProjector: {fileID: 0}
  pages: []
  partSystem: {fileID: 0}
  lockParentOverride: {fileID: 0}
  lockedInTransformOffset: {x: 0, y: 0, z: 0}
  enableSwitchSync: 0
  switchSyncObjects: []
  isVisible: 1
  isCarriedByPlayer: 0
  carryProgress: 0
  physicsOn: 0
  minimumPhysicsTime: 0
  damageEligable: 0
  wasTrigger: 0
  thrownBy: {fileID: 0}
  lookAtTarget: {fileID: 0}
  interactionWindow: {fileID: 0}
  isDoor: {fileID: 0}
  isActor: {fileID: 0}
  belongsTo: {fileID: 0}
  isPhone: 0
  phoneReciever: {fileID: 0}
  particleSystemDistance: 20
  willBeSavedWithCity: 0
  willBeSavedWithState: 0
  isMainLight: 0
  debugInteractable: []
  debugAngle: 0
  debugFurnitureAnchorNodePos: {x: 0, y: 0, z: 0}
  debugLocalPos: {x: 0, y: 0, z: 0}
  debugLocalEuler: {x: 0, y: 0, z: 0}
  debugWorldPos: {x: 0, y: 0, z: 0}
  debugInteractablePredictedWorldPos: {x: 0, y: 0, z: 0}
  debugNodeCoord: {x: 0, y: 0, z: 0}
  debugUsagePoint:
    useSetting:
      usageOffset: {x: 0, y: 0, z: 0.35}
      facingOffset: {x: 0, y: 0, z: 0}
      useNodeFloorPosition: 1
      useDoorBehaviour: 0
      useSittingOffset: 0
      useArmsStandingOffset: 0
    useageWorldPosition: {x: 0, y: 0, z: 0}
    worldLookAtPoint: {x: 0, y: 0, z: 0}
    debugDefaultSlot: {fileID: 0}
    debugSlot1: {fileID: 0}
    debugSlot2: {fileID: 0}
    slotLog: []
  debugOwnedBy: {fileID: 0}
  debugWrittenBy: {fileID: 0}
  debugReceivedBy: {fileID: 0}
  debugFurnitureOwnedBy: []
  debugSwitchState: 0
  debugState1: 0
  debugRoom: {fileID: 0}
  debugVent:
    ventID: 0
    ventType: 0
    room: {fileID: 0}
    group: {fileID: 0}
    mapButton: {fileID: 0}
    discovered: 0
    removed: 0
    spawned: {fileID: 0}
    debugNode: {x: 0, y: 0, z: 0}
    debugRoomNode: {x: 0, y: 0, z: 0}
--- !u!114 &6246762133016499549
MonoBehaviour:
  m_ObjectHideFlags: 0
  m_CorrespondingSourceObject: {fileID: 0}
  m_PrefabInstance: {fileID: 0}
  m_PrefabAsset: {fileID: 0}
  m_GameObject: {fileID: 3506928338375045871}
  m_Enabled: 1
  m_EditorHideFlags: 0
  m_Script: {fileID: 11500000, guid: 8c757c2ef43eeba4aac268219dc0f5ed, type: 3}
  m_Name: 
  m_EditorClassIdentifier: 
  door: {fileID: 3506928338375536335}
  closedLocalPos: {x: 0, y: 0, z: 0}
  openLocalPos: {x: 0, y: 0, z: 0}
  closedLocalEuler: {x: 0, y: 0, z: 0}
  openLocalEuler: {x: 0, y: 0, z: 0}
  closedLocalScale: {x: 0, y: 0, z: 0}
  openLocalScale: {x: 0, y: 0, z: 0}
  desiredPos: {x: 0, y: 0, z: 0}
  desiredEuler: {x: 0, y: 0, z: 0}
  desiredScale: {x: 0, y: 0, z: 0}
  preset: {fileID: 11400000, guid: e516137a809658a4aba3dd93390b91ce, type: 2}
  desiredTransition: 0
  currentTransition: 0
  isOpen: 0
  interacting: {fileID: 0}
  isAnimating: 0
  isSetup: 0
  isOpening: 0
  isClosing: 0
  updateLoopingParams: 0
  removePlayerCollisionsWhileAnimating: 0
--- !u!1 &3506928339018235181
GameObject:
  m_ObjectHideFlags: 0
  m_CorrespondingSourceObject: {fileID: 0}
  m_PrefabInstance: {fileID: 0}
  m_PrefabAsset: {fileID: 0}
  serializedVersion: 6
  m_Component:
  - component: {fileID: 3506928339017867533}
  - component: {fileID: 3506928339017097517}
  - component: {fileID: 3506928339015967725}
  - component: {fileID: 3506928339011933069}
  m_Layer: 0
  m_Name: LockersX6
  m_TagString: Untagged
  m_Icon: {fileID: 0}
  m_NavMeshLayer: 0
  m_StaticEditorFlags: 0
  m_IsActive: 1
--- !u!4 &3506928339017867533
Transform:
  m_ObjectHideFlags: 0
  m_CorrespondingSourceObject: {fileID: 0}
  m_PrefabInstance: {fileID: 0}
  m_PrefabAsset: {fileID: 0}
  m_GameObject: {fileID: 3506928339018235181}
  m_LocalRotation: {x: 0, y: 0, z: 0, w: 1}
  m_LocalPosition: {x: -60.575, y: -12.51, z: -53.375}
  m_LocalScale: {x: 1, y: 1, z: 1}
  m_Children:
  - {fileID: 3506928337234227414}
  - {fileID: 3506928337723569914}
  - {fileID: 3506928337860099737}
  - {fileID: 3506928337776617764}
  - {fileID: 3506928337783292283}
  - {fileID: 3506928338375536335}
  - {fileID: 2569984995788303974}
  m_Father: {fileID: 0}
  m_RootOrder: 0
  m_LocalEulerAnglesHint: {x: 0, y: 0, z: 0}
--- !u!33 &3506928339017097517
MeshFilter:
  m_ObjectHideFlags: 0
  m_CorrespondingSourceObject: {fileID: 0}
  m_PrefabInstance: {fileID: 0}
  m_PrefabAsset: {fileID: 0}
  m_GameObject: {fileID: 3506928339018235181}
  m_Mesh: {fileID: 4300000, guid: 7251001ece2a3fc4cac25f2f975fec05, type: 3}
--- !u!23 &3506928339015967725
MeshRenderer:
  m_ObjectHideFlags: 0
  m_CorrespondingSourceObject: {fileID: 0}
  m_PrefabInstance: {fileID: 0}
  m_PrefabAsset: {fileID: 0}
  m_GameObject: {fileID: 3506928339018235181}
  m_Enabled: 1
  m_CastShadows: 1
  m_ReceiveShadows: 1
  m_DynamicOccludee: 1
  m_StaticShadowCaster: 0
  m_MotionVectors: 1
  m_LightProbeUsage: 1
  m_ReflectionProbeUsage: 1
  m_RayTracingMode: 2
  m_RayTraceProcedural: 0
  m_RenderingLayerMask: 3
  m_RendererPriority: 0
  m_Materials:
  - {fileID: 2100000, guid: ad5478414ecbb0242b5aa1349bc71a36, type: 2}
  m_StaticBatchInfo:
    firstSubMesh: 0
    subMeshCount: 0
  m_StaticBatchRoot: {fileID: 0}
  m_ProbeAnchor: {fileID: 0}
  m_LightProbeVolumeOverride: {fileID: 0}
  m_ScaleInLightmap: 1
  m_ReceiveGI: 1
  m_PreserveUVs: 0
  m_IgnoreNormalsForChartDetection: 0
  m_ImportantGI: 0
  m_StitchLightmapSeams: 0
  m_SelectedEditorRenderState: 3
  m_MinimumChartSize: 4
  m_AutoUVMaxDistance: 0.5
  m_AutoUVMaxAngle: 89
  m_LightmapParameters: {fileID: 0}
  m_SortingLayerID: 0
  m_SortingLayer: 0
  m_SortingOrder: 0
  m_AdditionalVertexStreams: {fileID: 0}
--- !u!64 &3506928339011933069
MeshCollider:
  m_ObjectHideFlags: 0
  m_CorrespondingSourceObject: {fileID: 0}
  m_PrefabInstance: {fileID: 0}
  m_PrefabAsset: {fileID: 0}
  m_GameObject: {fileID: 3506928339018235181}
  m_Material: {fileID: 0}
  m_IsTrigger: 0
  m_Enabled: 1
  serializedVersion: 4
  m_Convex: 0
  m_CookingOptions: 30
  m_Mesh: {fileID: 4300000, guid: 7251001ece2a3fc4cac25f2f975fec05, type: 3}
--- !u!1 &3727286714474781588
GameObject:
  m_ObjectHideFlags: 0
  m_CorrespondingSourceObject: {fileID: 0}
  m_PrefabInstance: {fileID: 0}
  m_PrefabAsset: {fileID: 0}
  serializedVersion: 6
  m_Component:
  - component: {fileID: 2569984995788303974}
  - component: {fileID: 4328531228572087765}
  - component: {fileID: 8520257601359573274}
  m_Layer: 0
  m_Name: Lean
  m_TagString: Untagged
  m_Icon: {fileID: 0}
  m_NavMeshLayer: 0
  m_StaticEditorFlags: 0
  m_IsActive: 1
--- !u!4 &2569984995788303974
Transform:
  m_ObjectHideFlags: 0
  m_CorrespondingSourceObject: {fileID: 0}
  m_PrefabInstance: {fileID: 0}
  m_PrefabAsset: {fileID: 0}
  m_GameObject: {fileID: 3727286714474781588}
  m_LocalRotation: {x: 0, y: 0, z: 0, w: 1}
  m_LocalPosition: {x: -0.035, y: 0, z: -0.15}
  m_LocalScale: {x: 0.47352004, y: 0.47352, z: 0.47352004}
  m_Children: []
  m_Father: {fileID: 3506928339017867533}
  m_RootOrder: 6
  m_LocalEulerAnglesHint: {x: 0, y: 0, z: 0}
--- !u!65 &4328531228572087765
BoxCollider:
  m_ObjectHideFlags: 0
  m_CorrespondingSourceObject: {fileID: 0}
  m_PrefabInstance: {fileID: 0}
  m_PrefabAsset: {fileID: 0}
  m_GameObject: {fileID: 3727286714474781588}
  m_Material: {fileID: 0}
  m_IsTrigger: 1
  m_Enabled: 1
  serializedVersion: 2
  m_Size: {x: 1, y: 1, z: 1}
  m_Center: {x: 0, y: 0, z: 0}
--- !u!114 &8520257601359573274
MonoBehaviour:
  m_ObjectHideFlags: 0
  m_CorrespondingSourceObject: {fileID: 0}
  m_PrefabInstance: {fileID: 0}
  m_PrefabAsset: {fileID: 0}
  m_GameObject: {fileID: 3727286714474781588}
  m_Enabled: 1
  m_EditorHideFlags: 0
  m_Script: {fileID: 11500000, guid: ff412bc5692e0224e8f0e6696be8fc6d, type: 3}
  m_Name: 
  m_EditorClassIdentifier: 
  id: 6
  meshes: []
  lod: {fileID: 0}
  rb: {fileID: 0}
  coll: {fileID: 4328531228572087765}
  altColl: {fileID: 0}
  flash: {fileID: 0}
  doorMovement: {fileID: 0}
  secondaryDoorMovement: {fileID: 0}
  thirdDoorMovement: {fileID: 0}
  lightController: {fileID: 0}
  steam: {fileID: 0}
  computer: {fileID: 0}
  securitySystem: {fileID: 0}
  fileSystem: {fileID: 0}
  decalProjector: {fileID: 0}
  pages: []
  partSystem: {fileID: 0}
  lockParentOverride: {fileID: 0}
  lockedInTransformOffset: {x: 0, y: 0, z: 0}
  enableSwitchSync: 0
  switchSyncObjects: []
  isVisible: 1
  isCarriedByPlayer: 0
  carryProgress: 0
  physicsOn: 0
  minimumPhysicsTime: 0
  damageEligable: 0
  wasTrigger: 0
  thrownBy: {fileID: 0}
  lookAtTarget: {fileID: 0}
  interactionWindow: {fileID: 0}
  isDoor: {fileID: 0}
  isActor: {fileID: 0}
  belongsTo: {fileID: 0}
  isPhone: 0
  phoneReciever: {fileID: 0}
  particleSystemDistance: 20
  willBeSavedWithCity: 0
  willBeSavedWithState: 0
  isMainLight: 0
  debugInteractable: []
  debugAngle: 0
  debugFurnitureAnchorNodePos: {x: 0, y: 0, z: 0}
  debugLocalPos: {x: 0, y: 0, z: 0}
  debugLocalEuler: {x: 0, y: 0, z: 0}
  debugWorldPos: {x: 0, y: 0, z: 0}
  debugInteractablePredictedWorldPos: {x: 0, y: 0, z: 0}
  debugNodeCoord: {x: 0, y: 0, z: 0}
  debugUsagePoint:
    useSetting:
      usageOffset: {x: 0, y: 0, z: 0.35}
      facingOffset: {x: 0, y: 0, z: 0}
      useNodeFloorPosition: 1
      useDoorBehaviour: 0
      useSittingOffset: 0
      useArmsStandingOffset: 0
    useageWorldPosition: {x: 0, y: 0, z: 0}
    worldLookAtPoint: {x: 0, y: 0, z: 0}
    debugDefaultSlot: {fileID: 0}
    debugSlot1: {fileID: 0}
    debugSlot2: {fileID: 0}
    slotLog: []
  debugOwnedBy: {fileID: 0}
  debugWrittenBy: {fileID: 0}
  debugReceivedBy: {fileID: 0}
  debugFurnitureOwnedBy: []
  debugSwitchState: 0
  debugState1: 0
  debugRoom: {fileID: 0}
  debugVent:
    ventID: 0
    ventType: 0
    room: {fileID: 0}
    group: {fileID: 0}
    mapButton: {fileID: 0}
    discovered: 0
    removed: 0
    spawned: {fileID: 0}
    debugNode: {x: 0, y: 0, z: 0}
    debugRoomNode: {x: 0, y: 0, z: 0}
--- !u!1001 &3506928337234618966
PrefabInstance:
  m_ObjectHideFlags: 0
  serializedVersion: 2
  m_Modification:
    m_TransformParent: {fileID: 3506928339017867533}
    m_Modifications:
    - target: {fileID: 100000, guid: a996a05968c69f843ac925d57a62bfd0, type: 3}
      propertyPath: m_Name
      value: LockerDoorUL
      objectReference: {fileID: 0}
    - target: {fileID: 400000, guid: a996a05968c69f843ac925d57a62bfd0, type: 3}
      propertyPath: m_RootOrder
      value: 0
      objectReference: {fileID: 0}
    - target: {fileID: 400000, guid: a996a05968c69f843ac925d57a62bfd0, type: 3}
      propertyPath: m_LocalPosition.x
      value: 0.25
      objectReference: {fileID: 0}
    - target: {fileID: 400000, guid: a996a05968c69f843ac925d57a62bfd0, type: 3}
      propertyPath: m_LocalPosition.y
      value: 1.55
      objectReference: {fileID: 0}
    - target: {fileID: 400000, guid: a996a05968c69f843ac925d57a62bfd0, type: 3}
      propertyPath: m_LocalPosition.z
      value: -0.4
      objectReference: {fileID: 0}
    - target: {fileID: 400000, guid: a996a05968c69f843ac925d57a62bfd0, type: 3}
      propertyPath: m_LocalRotation.w
      value: 1
      objectReference: {fileID: 0}
    - target: {fileID: 400000, guid: a996a05968c69f843ac925d57a62bfd0, type: 3}
      propertyPath: m_LocalRotation.x
      value: -0
      objectReference: {fileID: 0}
    - target: {fileID: 400000, guid: a996a05968c69f843ac925d57a62bfd0, type: 3}
      propertyPath: m_LocalRotation.y
      value: -0
      objectReference: {fileID: 0}
    - target: {fileID: 400000, guid: a996a05968c69f843ac925d57a62bfd0, type: 3}
      propertyPath: m_LocalRotation.z
      value: -0
      objectReference: {fileID: 0}
    - target: {fileID: 400000, guid: a996a05968c69f843ac925d57a62bfd0, type: 3}
      propertyPath: m_LocalEulerAnglesHint.x
      value: 0
      objectReference: {fileID: 0}
    - target: {fileID: 400000, guid: a996a05968c69f843ac925d57a62bfd0, type: 3}
      propertyPath: m_LocalEulerAnglesHint.y
      value: 0
      objectReference: {fileID: 0}
    - target: {fileID: 400000, guid: a996a05968c69f843ac925d57a62bfd0, type: 3}
      propertyPath: m_LocalEulerAnglesHint.z
      value: 0
      objectReference: {fileID: 0}
    - target: {fileID: 2300000, guid: a996a05968c69f843ac925d57a62bfd0, type: 3}
      propertyPath: m_RenderingLayerMask
      value: 3
      objectReference: {fileID: 0}
    - target: {fileID: 2300000, guid: a996a05968c69f843ac925d57a62bfd0, type: 3}
      propertyPath: m_Materials.Array.data[0]
      value: 
      objectReference: {fileID: 2100000, guid: 72ef3b47f7bab564e9bf7fad0eef281c, type: 2}
    m_RemovedComponents: []
  m_SourcePrefab: {fileID: 100100000, guid: a996a05968c69f843ac925d57a62bfd0, type: 3}
--- !u!1 &3506928337234652406 stripped
GameObject:
  m_CorrespondingSourceObject: {fileID: 100000, guid: a996a05968c69f843ac925d57a62bfd0,
    type: 3}
  m_PrefabInstance: {fileID: 3506928337234618966}
  m_PrefabAsset: {fileID: 0}
--- !u!4 &3506928337234227414 stripped
Transform:
  m_CorrespondingSourceObject: {fileID: 400000, guid: a996a05968c69f843ac925d57a62bfd0,
    type: 3}
  m_PrefabInstance: {fileID: 3506928337234618966}
  m_PrefabAsset: {fileID: 0}
--- !u!64 &3506928337240932950 stripped
MeshCollider:
  m_CorrespondingSourceObject: {fileID: 6400000, guid: a996a05968c69f843ac925d57a62bfd0,
    type: 3}
  m_PrefabInstance: {fileID: 3506928337234618966}
  m_PrefabAsset: {fileID: 0}
--- !u!1001 &3506928337723698298
PrefabInstance:
  m_ObjectHideFlags: 0
  serializedVersion: 2
  m_Modification:
    m_TransformParent: {fileID: 3506928339017867533}
    m_Modifications:
    - target: {fileID: 100000, guid: a996a05968c69f843ac925d57a62bfd0, type: 3}
      propertyPath: m_Name
      value: LockerDoorBL
      objectReference: {fileID: 0}
    - target: {fileID: 400000, guid: a996a05968c69f843ac925d57a62bfd0, type: 3}
      propertyPath: m_RootOrder
      value: 1
      objectReference: {fileID: 0}
    - target: {fileID: 400000, guid: a996a05968c69f843ac925d57a62bfd0, type: 3}
      propertyPath: m_LocalPosition.x
      value: 0.25
      objectReference: {fileID: 0}
    - target: {fileID: 400000, guid: a996a05968c69f843ac925d57a62bfd0, type: 3}
      propertyPath: m_LocalPosition.y
      value: 0.6
      objectReference: {fileID: 0}
    - target: {fileID: 400000, guid: a996a05968c69f843ac925d57a62bfd0, type: 3}
      propertyPath: m_LocalPosition.z
      value: -0.4
      objectReference: {fileID: 0}
    - target: {fileID: 400000, guid: a996a05968c69f843ac925d57a62bfd0, type: 3}
      propertyPath: m_LocalRotation.w
      value: 1
      objectReference: {fileID: 0}
    - target: {fileID: 400000, guid: a996a05968c69f843ac925d57a62bfd0, type: 3}
      propertyPath: m_LocalRotation.x
      value: -0
      objectReference: {fileID: 0}
    - target: {fileID: 400000, guid: a996a05968c69f843ac925d57a62bfd0, type: 3}
      propertyPath: m_LocalRotation.y
      value: -0
      objectReference: {fileID: 0}
    - target: {fileID: 400000, guid: a996a05968c69f843ac925d57a62bfd0, type: 3}
      propertyPath: m_LocalRotation.z
      value: -0
      objectReference: {fileID: 0}
    - target: {fileID: 400000, guid: a996a05968c69f843ac925d57a62bfd0, type: 3}
      propertyPath: m_LocalEulerAnglesHint.x
      value: 0
      objectReference: {fileID: 0}
    - target: {fileID: 400000, guid: a996a05968c69f843ac925d57a62bfd0, type: 3}
      propertyPath: m_LocalEulerAnglesHint.y
      value: 0
      objectReference: {fileID: 0}
    - target: {fileID: 400000, guid: a996a05968c69f843ac925d57a62bfd0, type: 3}
      propertyPath: m_LocalEulerAnglesHint.z
      value: 0
      objectReference: {fileID: 0}
    - target: {fileID: 2300000, guid: a996a05968c69f843ac925d57a62bfd0, type: 3}
      propertyPath: m_RenderingLayerMask
      value: 3
      objectReference: {fileID: 0}
    - target: {fileID: 2300000, guid: a996a05968c69f843ac925d57a62bfd0, type: 3}
      propertyPath: m_Materials.Array.data[0]
      value: 
      objectReference: {fileID: 2100000, guid: 72ef3b47f7bab564e9bf7fad0eef281c, type: 2}
    m_RemovedComponents: []
  m_SourcePrefab: {fileID: 100100000, guid: a996a05968c69f843ac925d57a62bfd0, type: 3}
--- !u!64 &3506928337721492602 stripped
MeshCollider:
  m_CorrespondingSourceObject: {fileID: 6400000, guid: a996a05968c69f843ac925d57a62bfd0,
    type: 3}
  m_PrefabInstance: {fileID: 3506928337723698298}
  m_PrefabAsset: {fileID: 0}
--- !u!4 &3506928337723569914 stripped
Transform:
  m_CorrespondingSourceObject: {fileID: 400000, guid: a996a05968c69f843ac925d57a62bfd0,
    type: 3}
  m_PrefabInstance: {fileID: 3506928337723698298}
  m_PrefabAsset: {fileID: 0}
--- !u!1 &3506928337723599578 stripped
GameObject:
  m_CorrespondingSourceObject: {fileID: 100000, guid: a996a05968c69f843ac925d57a62bfd0,
    type: 3}
  m_PrefabInstance: {fileID: 3506928337723698298}
  m_PrefabAsset: {fileID: 0}
--- !u!1001 &3506928337776489380
PrefabInstance:
  m_ObjectHideFlags: 0
  serializedVersion: 2
  m_Modification:
    m_TransformParent: {fileID: 3506928339017867533}
    m_Modifications:
    - target: {fileID: 100000, guid: a996a05968c69f843ac925d57a62bfd0, type: 3}
      propertyPath: m_Name
      value: LockerDoorLM
      objectReference: {fileID: 0}
    - target: {fileID: 400000, guid: a996a05968c69f843ac925d57a62bfd0, type: 3}
      propertyPath: m_RootOrder
      value: 3
      objectReference: {fileID: 0}
    - target: {fileID: 400000, guid: a996a05968c69f843ac925d57a62bfd0, type: 3}
      propertyPath: m_LocalPosition.x
      value: -0.25
      objectReference: {fileID: 0}
    - target: {fileID: 400000, guid: a996a05968c69f843ac925d57a62bfd0, type: 3}
      propertyPath: m_LocalPosition.y
      value: 0.6
      objectReference: {fileID: 0}
    - target: {fileID: 400000, guid: a996a05968c69f843ac925d57a62bfd0, type: 3}
      propertyPath: m_LocalPosition.z
      value: -0.4
      objectReference: {fileID: 0}
    - target: {fileID: 400000, guid: a996a05968c69f843ac925d57a62bfd0, type: 3}
      propertyPath: m_LocalRotation.w
      value: 1
      objectReference: {fileID: 0}
    - target: {fileID: 400000, guid: a996a05968c69f843ac925d57a62bfd0, type: 3}
      propertyPath: m_LocalRotation.x
      value: -0
      objectReference: {fileID: 0}
    - target: {fileID: 400000, guid: a996a05968c69f843ac925d57a62bfd0, type: 3}
      propertyPath: m_LocalRotation.y
      value: -0
      objectReference: {fileID: 0}
    - target: {fileID: 400000, guid: a996a05968c69f843ac925d57a62bfd0, type: 3}
      propertyPath: m_LocalRotation.z
      value: -0
      objectReference: {fileID: 0}
    - target: {fileID: 400000, guid: a996a05968c69f843ac925d57a62bfd0, type: 3}
      propertyPath: m_LocalEulerAnglesHint.x
      value: 0
      objectReference: {fileID: 0}
    - target: {fileID: 400000, guid: a996a05968c69f843ac925d57a62bfd0, type: 3}
      propertyPath: m_LocalEulerAnglesHint.y
      value: 0
      objectReference: {fileID: 0}
    - target: {fileID: 400000, guid: a996a05968c69f843ac925d57a62bfd0, type: 3}
      propertyPath: m_LocalEulerAnglesHint.z
      value: 0
      objectReference: {fileID: 0}
    - target: {fileID: 2300000, guid: a996a05968c69f843ac925d57a62bfd0, type: 3}
      propertyPath: m_RenderingLayerMask
      value: 3
      objectReference: {fileID: 0}
    - target: {fileID: 2300000, guid: a996a05968c69f843ac925d57a62bfd0, type: 3}
      propertyPath: m_Materials.Array.data[0]
      value: 
      objectReference: {fileID: 2100000, guid: 72ef3b47f7bab564e9bf7fad0eef281c, type: 2}
    m_RemovedComponents: []
  m_SourcePrefab: {fileID: 100100000, guid: a996a05968c69f843ac925d57a62bfd0, type: 3}
--- !u!64 &3506928337770159012 stripped
MeshCollider:
  m_CorrespondingSourceObject: {fileID: 6400000, guid: a996a05968c69f843ac925d57a62bfd0,
    type: 3}
  m_PrefabInstance: {fileID: 3506928337776489380}
  m_PrefabAsset: {fileID: 0}
--- !u!4 &3506928337776617764 stripped
Transform:
  m_CorrespondingSourceObject: {fileID: 400000, guid: a996a05968c69f843ac925d57a62bfd0,
    type: 3}
  m_PrefabInstance: {fileID: 3506928337776489380}
  m_PrefabAsset: {fileID: 0}
--- !u!1 &3506928337776456964 stripped
GameObject:
  m_CorrespondingSourceObject: {fileID: 100000, guid: a996a05968c69f843ac925d57a62bfd0,
    type: 3}
  m_PrefabInstance: {fileID: 3506928337776489380}
  m_PrefabAsset: {fileID: 0}
--- !u!1001 &3506928337783430139
PrefabInstance:
  m_ObjectHideFlags: 0
  serializedVersion: 2
  m_Modification:
    m_TransformParent: {fileID: 3506928339017867533}
    m_Modifications:
    - target: {fileID: 100000, guid: a996a05968c69f843ac925d57a62bfd0, type: 3}
      propertyPath: m_Name
      value: LockerDoorUR
      objectReference: {fileID: 0}
    - target: {fileID: 400000, guid: a996a05968c69f843ac925d57a62bfd0, type: 3}
      propertyPath: m_RootOrder
      value: 4
      objectReference: {fileID: 0}
    - target: {fileID: 400000, guid: a996a05968c69f843ac925d57a62bfd0, type: 3}
      propertyPath: m_LocalPosition.x
      value: -0.75
      objectReference: {fileID: 0}
    - target: {fileID: 400000, guid: a996a05968c69f843ac925d57a62bfd0, type: 3}
      propertyPath: m_LocalPosition.y
      value: 1.55
      objectReference: {fileID: 0}
    - target: {fileID: 400000, guid: a996a05968c69f843ac925d57a62bfd0, type: 3}
      propertyPath: m_LocalPosition.z
      value: -0.4
      objectReference: {fileID: 0}
    - target: {fileID: 400000, guid: a996a05968c69f843ac925d57a62bfd0, type: 3}
      propertyPath: m_LocalRotation.w
      value: 1
      objectReference: {fileID: 0}
    - target: {fileID: 400000, guid: a996a05968c69f843ac925d57a62bfd0, type: 3}
      propertyPath: m_LocalRotation.x
      value: -0
      objectReference: {fileID: 0}
    - target: {fileID: 400000, guid: a996a05968c69f843ac925d57a62bfd0, type: 3}
      propertyPath: m_LocalRotation.y
      value: -0
      objectReference: {fileID: 0}
    - target: {fileID: 400000, guid: a996a05968c69f843ac925d57a62bfd0, type: 3}
      propertyPath: m_LocalRotation.z
      value: -0
      objectReference: {fileID: 0}
    - target: {fileID: 400000, guid: a996a05968c69f843ac925d57a62bfd0, type: 3}
      propertyPath: m_LocalEulerAnglesHint.x
      value: 0
      objectReference: {fileID: 0}
    - target: {fileID: 400000, guid: a996a05968c69f843ac925d57a62bfd0, type: 3}
      propertyPath: m_LocalEulerAnglesHint.y
      value: 0
      objectReference: {fileID: 0}
    - target: {fileID: 400000, guid: a996a05968c69f843ac925d57a62bfd0, type: 3}
      propertyPath: m_LocalEulerAnglesHint.z
      value: 0
      objectReference: {fileID: 0}
    - target: {fileID: 2300000, guid: a996a05968c69f843ac925d57a62bfd0, type: 3}
      propertyPath: m_RenderingLayerMask
      value: 3
      objectReference: {fileID: 0}
    - target: {fileID: 2300000, guid: a996a05968c69f843ac925d57a62bfd0, type: 3}
      propertyPath: m_Materials.Array.data[0]
      value: 
      objectReference: {fileID: 2100000, guid: 72ef3b47f7bab564e9bf7fad0eef281c, type: 2}
    m_RemovedComponents: []
  m_SourcePrefab: {fileID: 100100000, guid: a996a05968c69f843ac925d57a62bfd0, type: 3}
--- !u!1 &3506928337783397723 stripped
GameObject:
  m_CorrespondingSourceObject: {fileID: 100000, guid: a996a05968c69f843ac925d57a62bfd0,
    type: 3}
  m_PrefabInstance: {fileID: 3506928337783430139}
  m_PrefabAsset: {fileID: 0}
--- !u!4 &3506928337783292283 stripped
Transform:
  m_CorrespondingSourceObject: {fileID: 400000, guid: a996a05968c69f843ac925d57a62bfd0,
    type: 3}
  m_PrefabInstance: {fileID: 3506928337783430139}
  m_PrefabAsset: {fileID: 0}
--- !u!64 &3506928337781306363 stripped
MeshCollider:
  m_CorrespondingSourceObject: {fileID: 6400000, guid: a996a05968c69f843ac925d57a62bfd0,
    type: 3}
  m_PrefabInstance: {fileID: 3506928337783430139}
  m_PrefabAsset: {fileID: 0}
--- !u!1001 &3506928337859699737
PrefabInstance:
  m_ObjectHideFlags: 0
  serializedVersion: 2
  m_Modification:
    m_TransformParent: {fileID: 3506928339017867533}
    m_Modifications:
    - target: {fileID: 100000, guid: a996a05968c69f843ac925d57a62bfd0, type: 3}
      propertyPath: m_Name
      value: LockerDoorUM
      objectReference: {fileID: 0}
    - target: {fileID: 400000, guid: a996a05968c69f843ac925d57a62bfd0, type: 3}
      propertyPath: m_RootOrder
      value: 2
      objectReference: {fileID: 0}
    - target: {fileID: 400000, guid: a996a05968c69f843ac925d57a62bfd0, type: 3}
      propertyPath: m_LocalPosition.x
      value: -0.25
      objectReference: {fileID: 0}
    - target: {fileID: 400000, guid: a996a05968c69f843ac925d57a62bfd0, type: 3}
      propertyPath: m_LocalPosition.y
      value: 1.55
      objectReference: {fileID: 0}
    - target: {fileID: 400000, guid: a996a05968c69f843ac925d57a62bfd0, type: 3}
      propertyPath: m_LocalPosition.z
      value: -0.4
      objectReference: {fileID: 0}
    - target: {fileID: 400000, guid: a996a05968c69f843ac925d57a62bfd0, type: 3}
      propertyPath: m_LocalRotation.w
      value: 1
      objectReference: {fileID: 0}
    - target: {fileID: 400000, guid: a996a05968c69f843ac925d57a62bfd0, type: 3}
      propertyPath: m_LocalRotation.x
      value: -0
      objectReference: {fileID: 0}
    - target: {fileID: 400000, guid: a996a05968c69f843ac925d57a62bfd0, type: 3}
      propertyPath: m_LocalRotation.y
      value: -0
      objectReference: {fileID: 0}
    - target: {fileID: 400000, guid: a996a05968c69f843ac925d57a62bfd0, type: 3}
      propertyPath: m_LocalRotation.z
      value: -0
      objectReference: {fileID: 0}
    - target: {fileID: 400000, guid: a996a05968c69f843ac925d57a62bfd0, type: 3}
      propertyPath: m_LocalEulerAnglesHint.x
      value: 0
      objectReference: {fileID: 0}
    - target: {fileID: 400000, guid: a996a05968c69f843ac925d57a62bfd0, type: 3}
      propertyPath: m_LocalEulerAnglesHint.y
      value: 0
      objectReference: {fileID: 0}
    - target: {fileID: 400000, guid: a996a05968c69f843ac925d57a62bfd0, type: 3}
      propertyPath: m_LocalEulerAnglesHint.z
      value: 0
      objectReference: {fileID: 0}
    - target: {fileID: 2300000, guid: a996a05968c69f843ac925d57a62bfd0, type: 3}
      propertyPath: m_RenderingLayerMask
      value: 3
      objectReference: {fileID: 0}
    - target: {fileID: 2300000, guid: a996a05968c69f843ac925d57a62bfd0, type: 3}
      propertyPath: m_Materials.Array.data[0]
      value: 
      objectReference: {fileID: 2100000, guid: 72ef3b47f7bab564e9bf7fad0eef281c, type: 2}
    m_RemovedComponents: []
  m_SourcePrefab: {fileID: 100100000, guid: a996a05968c69f843ac925d57a62bfd0, type: 3}
--- !u!64 &3506928337853434905 stripped
MeshCollider:
  m_CorrespondingSourceObject: {fileID: 6400000, guid: a996a05968c69f843ac925d57a62bfd0,
    type: 3}
  m_PrefabInstance: {fileID: 3506928337859699737}
  m_PrefabAsset: {fileID: 0}
--- !u!4 &3506928337860099737 stripped
Transform:
  m_CorrespondingSourceObject: {fileID: 400000, guid: a996a05968c69f843ac925d57a62bfd0,
    type: 3}
  m_PrefabInstance: {fileID: 3506928337859699737}
  m_PrefabAsset: {fileID: 0}
--- !u!1 &3506928337859732153 stripped
GameObject:
  m_CorrespondingSourceObject: {fileID: 100000, guid: a996a05968c69f843ac925d57a62bfd0,
    type: 3}
  m_PrefabInstance: {fileID: 3506928337859699737}
  m_PrefabAsset: {fileID: 0}
--- !u!1001 &3506928338375144527
PrefabInstance:
  m_ObjectHideFlags: 0
  serializedVersion: 2
  m_Modification:
    m_TransformParent: {fileID: 3506928339017867533}
    m_Modifications:
    - target: {fileID: 100000, guid: a996a05968c69f843ac925d57a62bfd0, type: 3}
      propertyPath: m_Name
      value: LockerDoorLR
      objectReference: {fileID: 0}
    - target: {fileID: 400000, guid: a996a05968c69f843ac925d57a62bfd0, type: 3}
      propertyPath: m_RootOrder
      value: 5
      objectReference: {fileID: 0}
    - target: {fileID: 400000, guid: a996a05968c69f843ac925d57a62bfd0, type: 3}
      propertyPath: m_LocalPosition.x
      value: -0.75
      objectReference: {fileID: 0}
    - target: {fileID: 400000, guid: a996a05968c69f843ac925d57a62bfd0, type: 3}
      propertyPath: m_LocalPosition.y
      value: 0.6
      objectReference: {fileID: 0}
    - target: {fileID: 400000, guid: a996a05968c69f843ac925d57a62bfd0, type: 3}
      propertyPath: m_LocalPosition.z
      value: -0.4
      objectReference: {fileID: 0}
    - target: {fileID: 400000, guid: a996a05968c69f843ac925d57a62bfd0, type: 3}
      propertyPath: m_LocalRotation.w
      value: 1
      objectReference: {fileID: 0}
    - target: {fileID: 400000, guid: a996a05968c69f843ac925d57a62bfd0, type: 3}
      propertyPath: m_LocalRotation.x
      value: -0
      objectReference: {fileID: 0}
    - target: {fileID: 400000, guid: a996a05968c69f843ac925d57a62bfd0, type: 3}
      propertyPath: m_LocalRotation.y
      value: -0
      objectReference: {fileID: 0}
    - target: {fileID: 400000, guid: a996a05968c69f843ac925d57a62bfd0, type: 3}
      propertyPath: m_LocalRotation.z
      value: -0
      objectReference: {fileID: 0}
    - target: {fileID: 400000, guid: a996a05968c69f843ac925d57a62bfd0, type: 3}
      propertyPath: m_LocalEulerAnglesHint.x
      value: 0
      objectReference: {fileID: 0}
    - target: {fileID: 400000, guid: a996a05968c69f843ac925d57a62bfd0, type: 3}
      propertyPath: m_LocalEulerAnglesHint.y
      value: 0
      objectReference: {fileID: 0}
    - target: {fileID: 400000, guid: a996a05968c69f843ac925d57a62bfd0, type: 3}
      propertyPath: m_LocalEulerAnglesHint.z
      value: 0
      objectReference: {fileID: 0}
    - target: {fileID: 2300000, guid: a996a05968c69f843ac925d57a62bfd0, type: 3}
      propertyPath: m_RenderingLayerMask
      value: 3
      objectReference: {fileID: 0}
    - target: {fileID: 2300000, guid: a996a05968c69f843ac925d57a62bfd0, type: 3}
      propertyPath: m_Materials.Array.data[0]
      value: 
      objectReference: {fileID: 2100000, guid: 72ef3b47f7bab564e9bf7fad0eef281c, type: 2}
    m_RemovedComponents: []
  m_SourcePrefab: {fileID: 100100000, guid: a996a05968c69f843ac925d57a62bfd0, type: 3}
--- !u!1 &3506928338375045871 stripped
GameObject:
  m_CorrespondingSourceObject: {fileID: 100000, guid: a996a05968c69f843ac925d57a62bfd0,
    type: 3}
  m_PrefabInstance: {fileID: 3506928338375144527}
  m_PrefabAsset: {fileID: 0}
--- !u!4 &3506928338375536335 stripped
Transform:
  m_CorrespondingSourceObject: {fileID: 400000, guid: a996a05968c69f843ac925d57a62bfd0,
    type: 3}
  m_PrefabInstance: {fileID: 3506928338375144527}
  m_PrefabAsset: {fileID: 0}
--- !u!64 &3506928338381331535 stripped
MeshCollider:
  m_CorrespondingSourceObject: {fileID: 6400000, guid: a996a05968c69f843ac925d57a62bfd0,
    type: 3}
  m_PrefabInstance: {fileID: 3506928338375144527}
  m_PrefabAsset: {fileID: 0}
