%YAML 1.1
%TAG !u! tag:unity3d.com,2011:
--- !u!114 &2133040270756524064
MonoBehaviour:
  m_ObjectHideFlags: 0
  m_CorrespondingSourceObject: {fileID: 0}
  m_PrefabInstance: {fileID: 0}
  m_PrefabAsset: {fileID: 0}
  m_GameObject: {fileID: 1250730772458278268}
  m_Enabled: 1
  m_EditorHideFlags: 0
  m_Script: {fileID: 11500000, guid: ff412bc5692e0224e8f0e6696be8fc6d, type: 3}
  m_Name: 
  m_EditorClassIdentifier: 
  name: controller
  id: 0
  meshes: []
  rb: {fileID: 0}
  coll: {fileID: 3638557877637383717}
  altColl: {fileID: 0}
  flash: {fileID: 0}
  doorMovement: {fileID: 2133040270756524065}
  secondaryDoorMovement: {fileID: 0}
  lightController: {fileID: 0}
  steam: {fileID: 0}
  computer: {fileID: 0}
  securitySystem: {fileID: 0}
  fileSystem: {fileID: 0}
  pages: []
  particleSystem: {fileID: 0}
  lockParentOverride: {fileID: 0}
  enableSwitchSync: 0
  switchSyncObjects: []
  isVisible: 1
  isCarriedByPlayer: 0
  carryProgress: 0
  physicsOn: 0
  minimumPhysicsTime: 0
  damageEligable: 0
  wasTrigger: 0
  lookAtTarget: {fileID: 0}
  interactionWindow: {fileID: 0}
  isDoor: {fileID: 0}
  isActor: {fileID: 0}
  belongsTo: {fileID: 0}
  isPhone: 0
  phoneReciever: {fileID: 0}
  particleSystemDistance: 20
  debugInteractable: []
  debugAngle: 0
  debugFurnitureAnchorNodePos: {x: 0, y: 0, z: 0}
  debugLocalPos: {x: 0, y: 0, z: 0}
  debugLocalEuler: {x: 0, y: 0, z: 0}
  debugWorldPos: {x: 0, y: 0, z: 0}
  debugInteractablePredictedWorldPos: {x: 0, y: 0, z: 0}
  debugNodeCoord: {x: 0, y: 0, z: 0}
  debugUsagePoint:
    useSetting:
      usageOffset: {x: 0, y: 0, z: 0.35}
      facingOffset: {x: 0, y: 0, z: 0}
      useNodeFloorPosition: 1
      useDoorBehaviour: 0
      useSittingOffset: 0
      useArmsStandingOffset: 0
    user: {fileID: 0}
    useageWorldPosition: {x: 0, y: 0, z: 0}
    worldLookAtPoint: {x: 0, y: 0, z: 0}
    tempRank: 0
  debugOwnedBy: {fileID: 0}
  debugFurnitureOwnedBy: []
  debugSwitchState: 0
  debugState1: 0
  debugRoom: {fileID: 0}
  debugVent:
    ventID: 0
    ventType: 0
    room: {fileID: 0}
    group: {fileID: 0}
    mapButton: {fileID: 0}
    discovered: 0
    removed: 0
    spawned: {fileID: 0}
    debugNode: {x: 0, y: 0, z: 0}
    debugRoomNode: {x: 0, y: 0, z: 0}
  willBeSavedWithCity: 0
  willBeSavedWithState: 0
  isMainLight: 0
--- !u!114 &2133040270756524065
MonoBehaviour:
  m_ObjectHideFlags: 0
  m_CorrespondingSourceObject: {fileID: 0}
  m_PrefabInstance: {fileID: 0}
  m_PrefabAsset: {fileID: 0}
  m_GameObject: {fileID: 1250730772458278268}
  m_Enabled: 1
  m_EditorHideFlags: 0
  m_Script: {fileID: 11500000, guid: 8c757c2ef43eeba4aac268219dc0f5ed, type: 3}
  m_Name: 
  m_EditorClassIdentifier: 
  door: {fileID: 1878192008803571654}
  closedLocalPos: {x: 0, y: 0, z: 0}
  openLocalPos: {x: 0, y: 0, z: 0}
  closedLocalEuler: {x: 0, y: 0, z: 0}
  openLocalEuler: {x: 0, y: 0, z: 0}
  closedLocalScale: {x: 0, y: 0, z: 0}
  openLocalScale: {x: 0, y: 0, z: 0}
  desiredPos: {x: 0, y: 0, z: 0}
  desiredEuler: {x: 0, y: 0, z: 0}
  desiredScale: {x: 0, y: 0, z: 0}
  preset: {fileID: 11400000, guid: e516137a809658a4aba3dd93390b91ce, type: 2}
  desiredTransition: 0
  currentTransition: 0
  isOpen: 0
  interacting: {fileID: 0}
  isAnimating: 0
  isSetup: 0
  updateLoopingParams: 0
--- !u!1 &1250730772681527498
GameObject:
  m_ObjectHideFlags: 0
  m_CorrespondingSourceObject: {fileID: 0}
  m_PrefabInstance: {fileID: 0}
  m_PrefabAsset: {fileID: 0}
  serializedVersion: 6
  m_Component:
  - component: {fileID: 1878192008756284016}
  - component: {fileID: 3296483448233543125}
  - component: {fileID: 746332493677506847}
  - component: {fileID: 3638557877147605907}
  m_Layer: 0
  m_Name: MedicineCabinet
  m_TagString: Untagged
  m_Icon: {fileID: 0}
  m_NavMeshLayer: 0
  m_StaticEditorFlags: 0
  m_IsActive: 1
--- !u!4 &1878192008756284016
Transform:
  m_ObjectHideFlags: 0
  m_CorrespondingSourceObject: {fileID: 0}
  m_PrefabInstance: {fileID: 0}
  m_PrefabAsset: {fileID: 0}
  m_GameObject: {fileID: 1250730772681527498}
  m_LocalRotation: {x: -0, y: -0, z: -0, w: 1}
  m_LocalPosition: {x: -1.8072472, y: 1.297, z: -8.088}
  m_LocalScale: {x: 1, y: 1, z: 1}
  m_Children:
  - {fileID: 2133040271751739253}
  m_Father: {fileID: 0}
  m_RootOrder: 0
  m_LocalEulerAnglesHint: {x: 0, y: 0, z: 0}
--- !u!33 &3296483448233543125
MeshFilter:
  m_ObjectHideFlags: 0
  m_CorrespondingSourceObject: {fileID: 0}
  m_PrefabInstance: {fileID: 0}
  m_PrefabAsset: {fileID: 0}
  m_GameObject: {fileID: 1250730772681527498}
  m_Mesh: {fileID: -6243310850981725947, guid: 2e1efae8a3fa7784e9b65bf38914af84, type: 3}
--- !u!23 &746332493677506847
MeshRenderer:
  m_ObjectHideFlags: 0
  m_CorrespondingSourceObject: {fileID: 0}
  m_PrefabInstance: {fileID: 0}
  m_PrefabAsset: {fileID: 0}
  m_GameObject: {fileID: 1250730772681527498}
  m_Enabled: 1
  m_CastShadows: 1
  m_ReceiveShadows: 1
  m_DynamicOccludee: 1
  m_StaticShadowCaster: 0
  m_MotionVectors: 1
  m_LightProbeUsage: 1
  m_ReflectionProbeUsage: 1
  m_RayTracingMode: 2
  m_RayTraceProcedural: 0
  m_RenderingLayerMask: 257
  m_RendererPriority: 0
  m_Materials:
  - {fileID: 2100000, guid: 374344e31ffd41443bc1342b35959e9e, type: 2}
  m_StaticBatchInfo:
    firstSubMesh: 0
    subMeshCount: 0
  m_StaticBatchRoot: {fileID: 0}
  m_ProbeAnchor: {fileID: 0}
  m_LightProbeVolumeOverride: {fileID: 0}
  m_ScaleInLightmap: 1
  m_ReceiveGI: 1
  m_PreserveUVs: 0
  m_IgnoreNormalsForChartDetection: 0
  m_ImportantGI: 0
  m_StitchLightmapSeams: 1
  m_SelectedEditorRenderState: 3
  m_MinimumChartSize: 4
  m_AutoUVMaxDistance: 0.5
  m_AutoUVMaxAngle: 89
  m_LightmapParameters: {fileID: 0}
  m_SortingLayerID: 0
  m_SortingLayer: 0
  m_SortingOrder: 0
  m_AdditionalVertexStreams: {fileID: 0}
--- !u!64 &3638557877147605907
MeshCollider:
  m_ObjectHideFlags: 0
  m_CorrespondingSourceObject: {fileID: 0}
  m_PrefabInstance: {fileID: 0}
  m_PrefabAsset: {fileID: 0}
  m_GameObject: {fileID: 1250730772681527498}
  m_Material: {fileID: 0}
  m_IsTrigger: 0
  m_Enabled: 1
  serializedVersion: 4
  m_Convex: 0
  m_CookingOptions: 30
  m_Mesh: {fileID: -6243310850981725947, guid: 2e1efae8a3fa7784e9b65bf38914af84, type: 3}
--- !u!1 &2133040271751739250
GameObject:
  m_ObjectHideFlags: 0
  m_CorrespondingSourceObject: {fileID: 0}
  m_PrefabInstance: {fileID: 0}
  m_PrefabAsset: {fileID: 0}
  serializedVersion: 6
  m_Component:
  - component: {fileID: 2133040271751739253}
  m_Layer: 0
  m_Name: DrawerContainer
  m_TagString: Untagged
  m_Icon: {fileID: 0}
  m_NavMeshLayer: 0
  m_StaticEditorFlags: 0
  m_IsActive: 1
--- !u!4 &2133040271751739253
Transform:
  m_ObjectHideFlags: 0
  m_CorrespondingSourceObject: {fileID: 0}
  m_PrefabInstance: {fileID: 0}
  m_PrefabAsset: {fileID: 0}
  m_GameObject: {fileID: 2133040271751739250}
  m_LocalRotation: {x: 0, y: 0, z: 0, w: 1}
  m_LocalPosition: {x: -0.3, y: 1.875, z: -0.425}
  m_LocalScale: {x: 1, y: 1, z: 1}
  m_Children:
  - {fileID: 1878192008803571654}
  m_Father: {fileID: 1878192008756284016}
  m_RootOrder: 0
  m_LocalEulerAnglesHint: {x: 0, y: 0, z: 0}
--- !u!1001 &2133040270756524077
PrefabInstance:
  m_ObjectHideFlags: 0
  serializedVersion: 2
  m_Modification:
    m_TransformParent: {fileID: 2133040271751739253}
    m_Modifications:
    - target: {fileID: -8679921383154817045, guid: d6e0579efc1ffda42ac077e65e58f713,
        type: 3}
      propertyPath: m_RootOrder
      value: 0
      objectReference: {fileID: 0}
    - target: {fileID: -8679921383154817045, guid: d6e0579efc1ffda42ac077e65e58f713,
        type: 3}
      propertyPath: m_LocalScale.x
      value: 0.99
      objectReference: {fileID: 0}
    - target: {fileID: -8679921383154817045, guid: d6e0579efc1ffda42ac077e65e58f713,
        type: 3}
      propertyPath: m_LocalScale.y
      value: 0.99
      objectReference: {fileID: 0}
    - target: {fileID: -8679921383154817045, guid: d6e0579efc1ffda42ac077e65e58f713,
        type: 3}
      propertyPath: m_LocalScale.z
      value: 0.99
      objectReference: {fileID: 0}
    - target: {fileID: -8679921383154817045, guid: d6e0579efc1ffda42ac077e65e58f713,
        type: 3}
      propertyPath: m_LocalPosition.x
      value: 0
      objectReference: {fileID: 0}
    - target: {fileID: -8679921383154817045, guid: d6e0579efc1ffda42ac077e65e58f713,
        type: 3}
      propertyPath: m_LocalPosition.y
      value: 0
      objectReference: {fileID: 0}
    - target: {fileID: -8679921383154817045, guid: d6e0579efc1ffda42ac077e65e58f713,
        type: 3}
      propertyPath: m_LocalPosition.z
      value: 0
      objectReference: {fileID: 0}
    - target: {fileID: -8679921383154817045, guid: d6e0579efc1ffda42ac077e65e58f713,
        type: 3}
      propertyPath: m_LocalRotation.w
      value: 1
      objectReference: {fileID: 0}
    - target: {fileID: -8679921383154817045, guid: d6e0579efc1ffda42ac077e65e58f713,
        type: 3}
      propertyPath: m_LocalRotation.x
      value: -0
      objectReference: {fileID: 0}
    - target: {fileID: -8679921383154817045, guid: d6e0579efc1ffda42ac077e65e58f713,
        type: 3}
      propertyPath: m_LocalRotation.y
      value: -0
      objectReference: {fileID: 0}
    - target: {fileID: -8679921383154817045, guid: d6e0579efc1ffda42ac077e65e58f713,
        type: 3}
      propertyPath: m_LocalRotation.z
      value: -0
      objectReference: {fileID: 0}
    - target: {fileID: -8679921383154817045, guid: d6e0579efc1ffda42ac077e65e58f713,
        type: 3}
      propertyPath: m_LocalEulerAnglesHint.x
      value: 0
      objectReference: {fileID: 0}
    - target: {fileID: -8679921383154817045, guid: d6e0579efc1ffda42ac077e65e58f713,
        type: 3}
      propertyPath: m_LocalEulerAnglesHint.y
      value: 0
      objectReference: {fileID: 0}
    - target: {fileID: -8679921383154817045, guid: d6e0579efc1ffda42ac077e65e58f713,
        type: 3}
      propertyPath: m_LocalEulerAnglesHint.z
      value: 0
      objectReference: {fileID: 0}
    - target: {fileID: -7511558181221131132, guid: d6e0579efc1ffda42ac077e65e58f713,
        type: 3}
      propertyPath: m_Materials.Array.data[0]
      value: 
      objectReference: {fileID: 2100000, guid: 81929bf1ed653bd49ae95a1002dc4775, type: 2}
    - target: {fileID: 919132149155446097, guid: d6e0579efc1ffda42ac077e65e58f713,
        type: 3}
      propertyPath: m_Name
      value: MedicineCabinetDoor
      objectReference: {fileID: 0}
    m_RemovedComponents: []
  m_SourcePrefab: {fileID: 100100000, guid: d6e0579efc1ffda42ac077e65e58f713, type: 3}
--- !u!1 &1250730772458278268 stripped
GameObject:
  m_CorrespondingSourceObject: {fileID: 919132149155446097, guid: d6e0579efc1ffda42ac077e65e58f713,
    type: 3}
  m_PrefabInstance: {fileID: 2133040270756524077}
  m_PrefabAsset: {fileID: 0}
--- !u!4 &1878192008803571654 stripped
Transform:
  m_CorrespondingSourceObject: {fileID: -8679921383154817045, guid: d6e0579efc1ffda42ac077e65e58f713,
    type: 3}
  m_PrefabInstance: {fileID: 2133040270756524077}
  m_PrefabAsset: {fileID: 0}
--- !u!64 &3638557877637383717 stripped
MeshCollider:
  m_CorrespondingSourceObject: {fileID: 3451118302482216456, guid: d6e0579efc1ffda42ac077e65e58f713,
    type: 3}
  m_PrefabInstance: {fileID: 2133040270756524077}
  m_PrefabAsset: {fileID: 0}
