%YAML 1.1
%TAG !u! tag:unity3d.com,2011:
--- !u!1 &4964878763538107983
GameObject:
  m_ObjectHideFlags: 0
  m_CorrespondingSourceObject: {fileID: 0}
  m_PrefabInstance: {fileID: 0}
  m_PrefabAsset: {fileID: 0}
  serializedVersion: 6
  m_Component:
  - component: {fileID: 8267926354314869852}
  - component: {fileID: 1145767574425306730}
  - component: {fileID: 6690691955950877331}
  - component: {fileID: 1661286929272619096}
  - component: {fileID: -5701218151081798496}
  - component: {fileID: 7782713867124642757}
  m_Layer: 0
  m_Name: ChemistrySet
  m_TagString: Untagged
  m_Icon: {fileID: 0}
  m_NavMeshLayer: 0
  m_StaticEditorFlags: 0
  m_IsActive: 1
--- !u!4 &8267926354314869852
Transform:
  m_ObjectHideFlags: 0
  m_CorrespondingSourceObject: {fileID: 0}
  m_PrefabInstance: {fileID: 0}
  m_PrefabAsset: {fileID: 0}
  m_GameObject: {fileID: 4964878763538107983}
  m_LocalRotation: {x: -0, y: -0, z: -0, w: 1}
  m_LocalPosition: {x: -2.627, y: 0.95, z: 0.202}
  m_LocalScale: {x: 1, y: 1, z: 1}
  m_Children:
  - {fileID: 8267926355235513181}
  m_Father: {fileID: 0}
  m_RootOrder: 0
  m_LocalEulerAnglesHint: {x: 0, y: 0, z: 0}
--- !u!33 &1145767574425306730
MeshFilter:
  m_ObjectHideFlags: 0
  m_CorrespondingSourceObject: {fileID: 0}
  m_PrefabInstance: {fileID: 0}
  m_PrefabAsset: {fileID: 0}
  m_GameObject: {fileID: 4964878763538107983}
  m_Mesh: {fileID: 8353871810792074397, guid: 32db190e33f4caf459a0bcd58796b7d1, type: 3}
--- !u!23 &6690691955950877331
MeshRenderer:
  m_ObjectHideFlags: 0
  m_CorrespondingSourceObject: {fileID: 0}
  m_PrefabInstance: {fileID: 0}
  m_PrefabAsset: {fileID: 0}
  m_GameObject: {fileID: 4964878763538107983}
  m_Enabled: 1
  m_CastShadows: 1
  m_ReceiveShadows: 1
  m_DynamicOccludee: 1
  m_StaticShadowCaster: 0
  m_MotionVectors: 1
  m_LightProbeUsage: 1
  m_ReflectionProbeUsage: 1
  m_RayTracingMode: 2
  m_RayTraceProcedural: 0
  m_RenderingLayerMask: 1
  m_RendererPriority: 0
  m_Materials:
  - {fileID: 2100000, guid: 8a7f74e7e56594140890661ffd01c1a6, type: 2}
  m_StaticBatchInfo:
    firstSubMesh: 0
    subMeshCount: 0
  m_StaticBatchRoot: {fileID: 0}
  m_ProbeAnchor: {fileID: 0}
  m_LightProbeVolumeOverride: {fileID: 0}
  m_ScaleInLightmap: 1
  m_ReceiveGI: 1
  m_PreserveUVs: 0
  m_IgnoreNormalsForChartDetection: 0
  m_ImportantGI: 0
  m_StitchLightmapSeams: 1
  m_SelectedEditorRenderState: 3
  m_MinimumChartSize: 4
  m_AutoUVMaxDistance: 0.5
  m_AutoUVMaxAngle: 89
  m_LightmapParameters: {fileID: 0}
  m_SortingLayerID: 0
  m_SortingLayer: 0
  m_SortingOrder: 0
  m_AdditionalVertexStreams: {fileID: 0}
--- !u!64 &1661286929272619096
MeshCollider:
  m_ObjectHideFlags: 0
  m_CorrespondingSourceObject: {fileID: 0}
  m_PrefabInstance: {fileID: 0}
  m_PrefabAsset: {fileID: 0}
  m_GameObject: {fileID: 4964878763538107983}
  m_Material: {fileID: 0}
  m_IsTrigger: 0
  m_Enabled: 1
  serializedVersion: 4
  m_Convex: 1
  m_CookingOptions: 30
  m_Mesh: {fileID: 8353871810792074397, guid: 32db190e33f4caf459a0bcd58796b7d1, type: 3}
--- !u!114 &-5701218151081798496
MonoBehaviour:
  m_ObjectHideFlags: 0
  m_CorrespondingSourceObject: {fileID: 0}
  m_PrefabInstance: {fileID: 0}
  m_PrefabAsset: {fileID: 0}
  m_GameObject: {fileID: 4964878763538107983}
  m_Enabled: 1
  m_EditorHideFlags: 0
  m_Script: {fileID: 11500000, guid: ff412bc5692e0224e8f0e6696be8fc6d, type: 3}
  m_Name: 
  m_EditorClassIdentifier: 
  id: 0
  meshes:
  - {fileID: 6690691955950877331}
  - {fileID: 6690691956133324178}
  lod: {fileID: 7782713867124642757}
  rb: {fileID: 0}
  coll: {fileID: 1661286929272619096}
  altColl: {fileID: 0}
  additionalPhysicsOnlyColliders:
  - {fileID: 1661286929983561561}
  flash: {fileID: 0}
  doorMovement: {fileID: 0}
  secondaryDoorMovement: {fileID: 0}
  thirdDoorMovement: {fileID: 0}
  lightController: {fileID: 0}
  steam: {fileID: 0}
  computer: {fileID: 0}
  securitySystem: {fileID: 0}
  fileSystem: {fileID: 0}
  decalProjector: {fileID: 0}
  pages: []
  partSystem: {fileID: 0}
  lockParentOverride: {fileID: 0}
  lockedInTransformOffset: {x: 0, y: 0, z: 0}
  enableSwitchSync: 0
  switchSyncObjects: []
  isVisible: 1
  isCarriedByPlayer: 0
  physicsOn: 0
  minimumPhysicsTime: 0
  damageEligable: 0
  wasTrigger: 0
  thrownBy: {fileID: 0}
  apartmentPlacementIsValid: 0
  lookAtTarget: {fileID: 0}
  interactionWindow: {fileID: 0}
  isDoor: {fileID: 0}
  isActor: {fileID: 0}
  belongsTo: {fileID: 0}
  isPhone: 0
  phoneReciever: {fileID: 0}
  particleSystemDistance: 20
  willBeSavedWithCity: 0
  willBeSavedWithState: 0
  isMainLight: 0
  debugInteractable: []
  debugAngle: 0
  debugFurnitureAnchorNodePos: {x: 0, y: 0, z: 0}
  debugLocalPos: {x: 0, y: 0, z: 0}
  debugLocalEuler: {x: 0, y: 0, z: 0}
  debugWorldPos: {x: 0, y: 0, z: 0}
  debugInteractablePredictedWorldPos: {x: 0, y: 0, z: 0}
  debugNodeCoord: {x: 0, y: 0, z: 0}
  debugUsagePoint:
    useSetting:
      usageOffset: {x: 0, y: 0, z: 0.35}
      facingOffset: {x: 0, y: 0, z: 0}
      useNodeFloorPosition: 1
      useDoorBehaviour: 0
      useSittingOffset: 0
      useArmsStandingOffset: 0
    useageWorldPosition: {x: 0, y: 0, z: 0}
    worldLookAtPoint: {x: 0, y: 0, z: 0}
    debugDefaultSlot: {fileID: 0}
    debugSlot1: {fileID: 0}
    debugSlot2: {fileID: 0}
    slotLog: []
  debugOwnedBy: {fileID: 0}
  debugWrittenBy: {fileID: 0}
  debugReceivedBy: {fileID: 0}
  debugFurnitureOwnedBy: []
  debugSwitchState: 0
  debugState1: 0
  debugRoom: {fileID: 0}
  debugVent:
    ventID: 0
    ventType: 0
    room: {fileID: 0}
    group: {fileID: 0}
    mapButton: {fileID: 0}
    discovered: 0
    removed: 0
    spawned: {fileID: 0}
    debugNode: {x: 0, y: 0, z: 0}
    debugRoomNode: {x: 0, y: 0, z: 0}
--- !u!205 &7782713867124642757
LODGroup:
  m_ObjectHideFlags: 0
  m_CorrespondingSourceObject: {fileID: 0}
  m_PrefabInstance: {fileID: 0}
  m_PrefabAsset: {fileID: 0}
  m_GameObject: {fileID: 4964878763538107983}
  serializedVersion: 2
  m_LocalReferencePoint: {x: -0.025000095, y: 0.19999999, z: 0.025000006}
  m_Size: 0.57
  m_FadeMode: 0
  m_AnimateCrossFading: 0
  m_LastLODIsBillboard: 0
  m_LODs:
  - screenRelativeHeight: 0.01
    fadeTransitionWidth: 0
    renderers:
    - renderer: {fileID: 6690691955950877331}
    - renderer: {fileID: 6690691956133324178}
  m_Enabled: 1
--- !u!1001 &4019225140595165255
PrefabInstance:
  m_ObjectHideFlags: 0
  serializedVersion: 2
  m_Modification:
    m_TransformParent: {fileID: 8267926354314869852}
    m_Modifications:
    - target: {fileID: -6860895033569716450, guid: 8288fa79f7dc03241b899e865a00b315,
        type: 3}
      propertyPath: m_Convex
      value: 1
      objectReference: {fileID: 0}
    - target: {fileID: -4216859302048453862, guid: 8288fa79f7dc03241b899e865a00b315,
        type: 3}
      propertyPath: m_RootOrder
      value: 0
      objectReference: {fileID: 0}
    - target: {fileID: -4216859302048453862, guid: 8288fa79f7dc03241b899e865a00b315,
        type: 3}
      propertyPath: m_LocalPosition.x
      value: -0.025
      objectReference: {fileID: 0}
    - target: {fileID: -4216859302048453862, guid: 8288fa79f7dc03241b899e865a00b315,
        type: 3}
      propertyPath: m_LocalPosition.y
      value: 0
      objectReference: {fileID: 0}
    - target: {fileID: -4216859302048453862, guid: 8288fa79f7dc03241b899e865a00b315,
        type: 3}
      propertyPath: m_LocalPosition.z
      value: 0.025
      objectReference: {fileID: 0}
    - target: {fileID: -4216859302048453862, guid: 8288fa79f7dc03241b899e865a00b315,
        type: 3}
      propertyPath: m_LocalRotation.w
      value: 1
      objectReference: {fileID: 0}
    - target: {fileID: -4216859302048453862, guid: 8288fa79f7dc03241b899e865a00b315,
        type: 3}
      propertyPath: m_LocalRotation.x
      value: -0
      objectReference: {fileID: 0}
    - target: {fileID: -4216859302048453862, guid: 8288fa79f7dc03241b899e865a00b315,
        type: 3}
      propertyPath: m_LocalRotation.y
      value: -0
      objectReference: {fileID: 0}
    - target: {fileID: -4216859302048453862, guid: 8288fa79f7dc03241b899e865a00b315,
        type: 3}
      propertyPath: m_LocalRotation.z
      value: -0
      objectReference: {fileID: 0}
    - target: {fileID: -4216859302048453862, guid: 8288fa79f7dc03241b899e865a00b315,
        type: 3}
      propertyPath: m_LocalEulerAnglesHint.x
      value: 0
      objectReference: {fileID: 0}
    - target: {fileID: -4216859302048453862, guid: 8288fa79f7dc03241b899e865a00b315,
        type: 3}
      propertyPath: m_LocalEulerAnglesHint.y
      value: 0
      objectReference: {fileID: 0}
    - target: {fileID: -4216859302048453862, guid: 8288fa79f7dc03241b899e865a00b315,
        type: 3}
      propertyPath: m_LocalEulerAnglesHint.z
      value: 0
      objectReference: {fileID: 0}
    - target: {fileID: -1504981713932161579, guid: 8288fa79f7dc03241b899e865a00b315,
        type: 3}
      propertyPath: m_Materials.Array.data[0]
      value: 
      objectReference: {fileID: 2100000, guid: 22c77e540414f84478045513627de977, type: 2}
    - target: {fileID: -927199367670048503, guid: 8288fa79f7dc03241b899e865a00b315,
        type: 3}
      propertyPath: m_Name
      value: ChemistrySetGlass
      objectReference: {fileID: 0}
    m_RemovedComponents: []
  m_SourcePrefab: {fileID: 100100000, guid: 8288fa79f7dc03241b899e865a00b315, type: 3}
--- !u!4 &8267926355235513181 stripped
Transform:
  m_CorrespondingSourceObject: {fileID: -4216859302048453862, guid: 8288fa79f7dc03241b899e865a00b315,
    type: 3}
  m_PrefabInstance: {fileID: 4019225140595165255}
  m_PrefabAsset: {fileID: 0}
--- !u!23 &6690691956133324178 stripped
MeshRenderer:
  m_CorrespondingSourceObject: {fileID: -1504981713932161579, guid: 8288fa79f7dc03241b899e865a00b315,
    type: 3}
  m_PrefabInstance: {fileID: 4019225140595165255}
  m_PrefabAsset: {fileID: 0}
--- !u!64 &1661286929983561561 stripped
MeshCollider:
  m_CorrespondingSourceObject: {fileID: -6860895033569716450, guid: 8288fa79f7dc03241b899e865a00b315,
    type: 3}
  m_PrefabInstance: {fileID: 4019225140595165255}
  m_PrefabAsset: {fileID: 0}
