%YAML 1.1
%TAG !u! tag:unity3d.com,2011:
--- !u!114 &5292883959822077622
MonoBehaviour:
  m_ObjectHideFlags: 0
  m_CorrespondingSourceObject: {fileID: 0}
  m_PrefabInstance: {fileID: 0}
  m_PrefabAsset: {fileID: 0}
  m_GameObject: {fileID: 2179450294242950169}
  m_Enabled: 1
  m_EditorHideFlags: 0
  m_Script: {fileID: 11500000, guid: 23ab17443eb46044ba2a856e43f9e8b5, type: 3}
  m_Name: 
  m_EditorClassIdentifier: 
  syncWithState: 0
  isOn: 0
  inverted: 0
  basicBehaviour: 0
  basicBehaviourObjects: []
  syncInteractable: {fileID: 0}
  onlySyncWhenParentIsOn: 0
  isSetup: 0
  controller: {fileID: 0}
  preset: {fileID: 11400000, guid: 59f625867c36b8b48a4b36e2e39f3ade, type: 2}
  oscillate: 1
  animatedTransform: {fileID: 2910925862711741962}
  normalizedSpeed: 0
  progress: 0
  inOut: 0
  closedLocalPos: {x: 0, y: 0, z: 0}
  openLocalPos: {x: 0, y: 0, z: 0}
  closedLocalEuler: {x: 0, y: 0, z: 0}
  openLocalEuler: {x: 0, y: 0, z: 0}
  closedLocalScale: {x: 0, y: 0, z: 0}
  openLocalScale: {x: 0, y: 0, z: 0}
--- !u!1 &2214787167526791448
GameObject:
  m_ObjectHideFlags: 0
  m_CorrespondingSourceObject: {fileID: 0}
  m_PrefabInstance: {fileID: 0}
  m_PrefabAsset: {fileID: 0}
  serializedVersion: 6
  m_Component:
  - component: {fileID: 2947562977082071819}
  - component: {fileID: 6178057250815271229}
  - component: {fileID: 468470282631585220}
  - component: {fileID: 5572175906574542607}
  - component: {fileID: 7898588239115087893}
  - component: {fileID: 7352274516902376155}
  m_Layer: 0
  m_Name: LuckyCat
  m_TagString: Untagged
  m_Icon: {fileID: 0}
  m_NavMeshLayer: 0
  m_StaticEditorFlags: 0
  m_IsActive: 1
--- !u!4 &2947562977082071819
Transform:
  m_ObjectHideFlags: 0
  m_CorrespondingSourceObject: {fileID: 0}
  m_PrefabInstance: {fileID: 0}
  m_PrefabAsset: {fileID: 0}
  m_GameObject: {fileID: 2214787167526791448}
  m_LocalRotation: {x: -0, y: -0, z: -0, w: 1}
  m_LocalPosition: {x: -2.591, y: 0.947, z: -0.9060898}
  m_LocalScale: {x: 1, y: 1, z: 1}
  m_Children:
  - {fileID: 2910925862711741962}
  m_Father: {fileID: 0}
  m_RootOrder: 0
  m_LocalEulerAnglesHint: {x: 0, y: 0, z: 0}
--- !u!33 &6178057250815271229
MeshFilter:
  m_ObjectHideFlags: 0
  m_CorrespondingSourceObject: {fileID: 0}
  m_PrefabInstance: {fileID: 0}
  m_PrefabAsset: {fileID: 0}
  m_GameObject: {fileID: 2214787167526791448}
  m_Mesh: {fileID: 2866879326612047067, guid: 1c0107a61914616448d229c24a3f8689, type: 3}
--- !u!23 &468470282631585220
MeshRenderer:
  m_ObjectHideFlags: 0
  m_CorrespondingSourceObject: {fileID: 0}
  m_PrefabInstance: {fileID: 0}
  m_PrefabAsset: {fileID: 0}
  m_GameObject: {fileID: 2214787167526791448}
  m_Enabled: 1
  m_CastShadows: 1
  m_ReceiveShadows: 1
  m_DynamicOccludee: 1
  m_StaticShadowCaster: 0
  m_MotionVectors: 1
  m_LightProbeUsage: 1
  m_ReflectionProbeUsage: 1
  m_RayTracingMode: 2
  m_RayTraceProcedural: 0
  m_RenderingLayerMask: 1
  m_RendererPriority: 0
  m_Materials:
  - {fileID: 2100000, guid: 3ebcb7bde6415a3478d67e430c8be144, type: 2}
  m_StaticBatchInfo:
    firstSubMesh: 0
    subMeshCount: 0
  m_StaticBatchRoot: {fileID: 0}
  m_ProbeAnchor: {fileID: 0}
  m_LightProbeVolumeOverride: {fileID: 0}
  m_ScaleInLightmap: 1
  m_ReceiveGI: 1
  m_PreserveUVs: 0
  m_IgnoreNormalsForChartDetection: 0
  m_ImportantGI: 0
  m_StitchLightmapSeams: 1
  m_SelectedEditorRenderState: 3
  m_MinimumChartSize: 4
  m_AutoUVMaxDistance: 0.5
  m_AutoUVMaxAngle: 89
  m_LightmapParameters: {fileID: 0}
  m_SortingLayerID: 0
  m_SortingLayer: 0
  m_SortingOrder: 0
  m_AdditionalVertexStreams: {fileID: 0}
--- !u!64 &5572175906574542607
MeshCollider:
  m_ObjectHideFlags: 0
  m_CorrespondingSourceObject: {fileID: 0}
  m_PrefabInstance: {fileID: 0}
  m_PrefabAsset: {fileID: 0}
  m_GameObject: {fileID: 2214787167526791448}
  m_Material: {fileID: 0}
  m_IsTrigger: 0
  m_Enabled: 1
  serializedVersion: 4
  m_Convex: 1
  m_CookingOptions: 30
  m_Mesh: {fileID: 2866879326612047067, guid: 1c0107a61914616448d229c24a3f8689, type: 3}
--- !u!114 &7898588239115087893
MonoBehaviour:
  m_ObjectHideFlags: 0
  m_CorrespondingSourceObject: {fileID: 0}
  m_PrefabInstance: {fileID: 0}
  m_PrefabAsset: {fileID: 0}
  m_GameObject: {fileID: 2214787167526791448}
  m_Enabled: 1
  m_EditorHideFlags: 0
  m_Script: {fileID: 11500000, guid: ff412bc5692e0224e8f0e6696be8fc6d, type: 3}
  m_Name: 
  m_EditorClassIdentifier: 
  name: controller
  id: 0
  meshes:
  - {fileID: 468470282631585220}
  - {fileID: 432944189864052933}
  lod: {fileID: 7352274516902376155}
  rb: {fileID: 0}
  coll: {fileID: 5572175906574542607}
  altColl: {fileID: 0}
  flash: {fileID: 0}
  doorMovement: {fileID: 0}
  secondaryDoorMovement: {fileID: 0}
  thirdDoorMovement: {fileID: 0}
  lightController: {fileID: 0}
  steam: {fileID: 0}
  computer: {fileID: 0}
  securitySystem: {fileID: 0}
  fileSystem: {fileID: 0}
  pages: []
  particleSystem: {fileID: 0}
  lockParentOverride: {fileID: 0}
  lockedInTransformOffset: {x: 0, y: 0, z: 0}
  enableSwitchSync: 1
  switchSyncObjects:
  - {fileID: 5292883959822077622}
  isVisible: 1
  isCarriedByPlayer: 0
  carryProgress: 0
  physicsOn: 0
  minimumPhysicsTime: 0
  damageEligable: 0
  wasTrigger: 0
  lookAtTarget: {fileID: 0}
  interactionWindow: {fileID: 0}
  isDoor: {fileID: 0}
  isActor: {fileID: 0}
  belongsTo: {fileID: 0}
  isPhone: 0
  phoneReciever: {fileID: 0}
  particleSystemDistance: 20
  debugInteractable: []
  debugAngle: 0
  debugFurnitureAnchorNodePos: {x: 0, y: 0, z: 0}
  debugLocalPos: {x: 0, y: 0, z: 0}
  debugLocalEuler: {x: 0, y: 0, z: 0}
  debugWorldPos: {x: 0, y: 0, z: 0}
  debugInteractablePredictedWorldPos: {x: 0, y: 0, z: 0}
  debugNodeCoord: {x: 0, y: 0, z: 0}
  debugUsagePoint:
    useSetting:
      usageOffset: {x: 0, y: 0, z: 0.35}
      facingOffset: {x: 0, y: 0, z: 0}
      useNodeFloorPosition: 1
      useDoorBehaviour: 0
      useSittingOffset: 0
      useArmsStandingOffset: 0
    useageWorldPosition: {x: 0, y: 0, z: 0}
    worldLookAtPoint: {x: 0, y: 0, z: 0}
    debugDefaultSlot: {fileID: 0}
    debugSlot1: {fileID: 0}
    debugSlot2: {fileID: 0}
    slotLog: []
  debugOwnedBy: {fileID: 0}
  debugWrittenBy: {fileID: 0}
  debugReceivedBy: {fileID: 0}
  debugFurnitureOwnedBy: []
  debugSwitchState: 0
  debugState1: 0
  debugRoom: {fileID: 0}
  debugVent:
    ventID: 0
    ventType: 0
    room: {fileID: 0}
    group: {fileID: 0}
    mapButton: {fileID: 0}
    discovered: 0
    removed: 0
    spawned: {fileID: 0}
    debugNode: {x: 0, y: 0, z: 0}
    debugRoomNode: {x: 0, y: 0, z: 0}
  willBeSavedWithCity: 0
  willBeSavedWithState: 0
  isMainLight: 0
--- !u!205 &7352274516902376155
LODGroup:
  m_ObjectHideFlags: 0
  m_CorrespondingSourceObject: {fileID: 0}
  m_PrefabInstance: {fileID: 0}
  m_PrefabAsset: {fileID: 0}
  m_GameObject: {fileID: 2214787167526791448}
  serializedVersion: 2
  m_LocalReferencePoint: {x: -0.010000031, y: 0.155, z: 0}
  m_Size: 0.31
  m_FadeMode: 0
  m_AnimateCrossFading: 0
  m_LastLODIsBillboard: 0
  m_LODs:
  - screenRelativeHeight: 0.01
    fadeTransitionWidth: 0
    renderers:
    - renderer: {fileID: 468470282631585220}
    - renderer: {fileID: 432944189864052933}
  m_Enabled: 1
--- !u!1001 &7863033611123418384
PrefabInstance:
  m_ObjectHideFlags: 0
  serializedVersion: 2
  m_Modification:
    m_TransformParent: {fileID: 2947562977082071819}
    m_Modifications:
    - target: {fileID: -4216859302048453862, guid: 336cc0e8765db844f82c46661db6d06d,
        type: 3}
      propertyPath: m_RootOrder
      value: 0
      objectReference: {fileID: 0}
    - target: {fileID: -4216859302048453862, guid: 336cc0e8765db844f82c46661db6d06d,
        type: 3}
      propertyPath: m_LocalPosition.x
      value: -0.065
      objectReference: {fileID: 0}
    - target: {fileID: -4216859302048453862, guid: 336cc0e8765db844f82c46661db6d06d,
        type: 3}
      propertyPath: m_LocalPosition.y
      value: 0.11
      objectReference: {fileID: 0}
    - target: {fileID: -4216859302048453862, guid: 336cc0e8765db844f82c46661db6d06d,
        type: 3}
      propertyPath: m_LocalPosition.z
      value: -0.005
      objectReference: {fileID: 0}
    - target: {fileID: -4216859302048453862, guid: 336cc0e8765db844f82c46661db6d06d,
        type: 3}
      propertyPath: m_LocalRotation.w
      value: 0.9990483
      objectReference: {fileID: 0}
    - target: {fileID: -4216859302048453862, guid: 336cc0e8765db844f82c46661db6d06d,
        type: 3}
      propertyPath: m_LocalRotation.x
      value: -0.043619405
      objectReference: {fileID: 0}
    - target: {fileID: -4216859302048453862, guid: 336cc0e8765db844f82c46661db6d06d,
        type: 3}
      propertyPath: m_LocalRotation.y
      value: 0
      objectReference: {fileID: 0}
    - target: {fileID: -4216859302048453862, guid: 336cc0e8765db844f82c46661db6d06d,
        type: 3}
      propertyPath: m_LocalRotation.z
      value: 0
      objectReference: {fileID: 0}
    - target: {fileID: -4216859302048453862, guid: 336cc0e8765db844f82c46661db6d06d,
        type: 3}
      propertyPath: m_LocalEulerAnglesHint.x
      value: -5
      objectReference: {fileID: 0}
    - target: {fileID: -4216859302048453862, guid: 336cc0e8765db844f82c46661db6d06d,
        type: 3}
      propertyPath: m_LocalEulerAnglesHint.y
      value: 0
      objectReference: {fileID: 0}
    - target: {fileID: -4216859302048453862, guid: 336cc0e8765db844f82c46661db6d06d,
        type: 3}
      propertyPath: m_LocalEulerAnglesHint.z
      value: 0
      objectReference: {fileID: 0}
    - target: {fileID: -1504981713932161579, guid: 336cc0e8765db844f82c46661db6d06d,
        type: 3}
      propertyPath: m_Materials.Array.data[0]
      value: 
      objectReference: {fileID: 2100000, guid: 8c97cfb6f5411eb4d90196fd0fc1e2ad, type: 2}
    - target: {fileID: -927199367670048503, guid: 336cc0e8765db844f82c46661db6d06d,
        type: 3}
      propertyPath: m_Name
      value: LuckyCatPaw
      objectReference: {fileID: 0}
    m_RemovedComponents:
    - {fileID: -6860895033569716450, guid: 336cc0e8765db844f82c46661db6d06d, type: 3}
  m_SourcePrefab: {fileID: 100100000, guid: 336cc0e8765db844f82c46661db6d06d, type: 3}
--- !u!1 &2179450294242950169 stripped
GameObject:
  m_CorrespondingSourceObject: {fileID: -927199367670048503, guid: 336cc0e8765db844f82c46661db6d06d,
    type: 3}
  m_PrefabInstance: {fileID: 7863033611123418384}
  m_PrefabAsset: {fileID: 0}
--- !u!4 &2910925862711741962 stripped
Transform:
  m_CorrespondingSourceObject: {fileID: -4216859302048453862, guid: 336cc0e8765db844f82c46661db6d06d,
    type: 3}
  m_PrefabInstance: {fileID: 7863033611123418384}
  m_PrefabAsset: {fileID: 0}
--- !u!23 &432944189864052933 stripped
MeshRenderer:
  m_CorrespondingSourceObject: {fileID: -1504981713932161579, guid: 336cc0e8765db844f82c46661db6d06d,
    type: 3}
  m_PrefabInstance: {fileID: 7863033611123418384}
  m_PrefabAsset: {fileID: 0}
