%YAML 1.1
%TAG !u! tag:unity3d.com,2011:
--- !u!1 &1056332458935627370
GameObject:
  m_ObjectHideFlags: 0
  m_CorrespondingSourceObject: {fileID: 0}
  m_PrefabInstance: {fileID: 0}
  m_PrefabAsset: {fileID: 0}
  serializedVersion: 6
  m_Component:
  - component: {fileID: 1056332458935627371}
  - component: {fileID: 4692539524791317323}
  m_Layer: 0
  m_Name: FloorDecal
  m_TagString: Untagged
  m_Icon: {fileID: 0}
  m_NavMeshLayer: 0
  m_StaticEditorFlags: 0
  m_IsActive: 1
--- !u!4 &1056332458935627371
Transform:
  m_ObjectHideFlags: 0
  m_CorrespondingSourceObject: {fileID: 0}
  m_PrefabInstance: {fileID: 0}
  m_PrefabAsset: {fileID: 0}
  m_GameObject: {fileID: 1056332458935627370}
  m_LocalRotation: {x: 0, y: 0, z: 0, w: 1}
  m_LocalPosition: {x: 3.328, y: 0, z: -5.94}
  m_LocalScale: {x: 1, y: 1, z: 1}
  m_Children:
  - {fileID: 1056332459116642658}
  m_Father: {fileID: 0}
  m_RootOrder: 0
  m_LocalEulerAnglesHint: {x: 0, y: 0, z: 0}
--- !u!114 &4692539524791317323
MonoBehaviour:
  m_ObjectHideFlags: 0
  m_CorrespondingSourceObject: {fileID: 0}
  m_PrefabInstance: {fileID: 0}
  m_PrefabAsset: {fileID: 0}
  m_GameObject: {fileID: 1056332458935627370}
  m_Enabled: 1
  m_EditorHideFlags: 0
  m_Script: {fileID: 11500000, guid: 5233f8792d2c98344a0fac478a801b48, type: 3}
  m_Name: 
  m_EditorClassIdentifier: 
  art: {fileID: 0}
  decal: {fileID: 1056332459116642659}
  pixelScaleMultiplier: 0.05
--- !u!1 &1056332459116642669
GameObject:
  m_ObjectHideFlags: 0
  m_CorrespondingSourceObject: {fileID: 0}
  m_PrefabInstance: {fileID: 0}
  m_PrefabAsset: {fileID: 0}
  serializedVersion: 6
  m_Component:
  - component: {fileID: 1056332459116642658}
  - component: {fileID: 1056332459116642659}
  m_Layer: 0
  m_Name: Decal Projector
  m_TagString: Art
  m_Icon: {fileID: 0}
  m_NavMeshLayer: 0
  m_StaticEditorFlags: 0
  m_IsActive: 1
--- !u!4 &1056332459116642658
Transform:
  m_ObjectHideFlags: 0
  m_CorrespondingSourceObject: {fileID: 0}
  m_PrefabInstance: {fileID: 0}
  m_PrefabAsset: {fileID: 0}
  m_GameObject: {fileID: 1056332459116642669}
  m_LocalRotation: {x: -0.7071068, y: 0, z: 0, w: 0.7071068}
  m_LocalPosition: {x: 0, y: -0.65, z: 0}
  m_LocalScale: {x: 1, y: 1, z: 1}
  m_Children: []
  m_Father: {fileID: 1056332458935627371}
  m_RootOrder: 0
  m_LocalEulerAnglesHint: {x: -90, y: 0, z: 0}
--- !u!114 &1056332459116642659
MonoBehaviour:
  m_ObjectHideFlags: 0
  m_CorrespondingSourceObject: {fileID: 0}
  m_PrefabInstance: {fileID: 0}
  m_PrefabAsset: {fileID: 0}
  m_GameObject: {fileID: 1056332459116642669}
  m_Enabled: 1
  m_EditorHideFlags: 0
  m_Script: {fileID: 11500000, guid: f19d9143a39eb3b46bc4563e9889cfbd, type: 3}
  m_Name: 
  m_EditorClassIdentifier: 
  m_Material: {fileID: 2100000, guid: 61e47e9edd26b904187d3f4bac97f3c5, type: 2}
  m_DrawDistance: 30
  m_FadeScale: 0.9
  m_StartAngleFade: 180
  m_EndAngleFade: 180
  m_UVScale: {x: -1, y: 1}
  m_UVBias: {x: 1, y: 0}
  m_AffectsTransparency: 0
  m_DecalLayerMask: 1
  m_Offset: {x: 0, y: 0, z: 0.5}
  m_Size: {x: 0.21, y: 0.28, z: 0.1}
  m_FadeFactor: 1
  m_Version: 2
