%YAML 1.1
%TAG !u! tag:unity3d.com,2011:
--- !u!1 &3411681386018482612
GameObject:
  m_ObjectHideFlags: 0
  m_CorrespondingSourceObject: {fileID: 0}
  m_PrefabInstance: {fileID: 0}
  m_PrefabAsset: {fileID: 0}
  serializedVersion: 6
  m_Component:
  - component: {fileID: 3938444792118949340}
  - component: {fileID: 7860367928885889403}
  m_Layer: 27
  m_Name: LightningStrike
  m_TagString: Untagged
  m_Icon: {fileID: 0}
  m_NavMeshLayer: 0
  m_StaticEditorFlags: 0
  m_IsActive: 1
--- !u!4 &3938444792118949340
Transform:
  m_ObjectHideFlags: 0
  m_CorrespondingSourceObject: {fileID: 0}
  m_PrefabInstance: {fileID: 0}
  m_PrefabAsset: {fileID: 0}
  m_GameObject: {fileID: 3411681386018482612}
  m_LocalRotation: {x: 0, y: 0, z: 0, w: 1}
  m_LocalPosition: {x: -61.179474, y: -10.01, z: -45.713642}
  m_LocalScale: {x: 10, y: 12, z: 1}
  m_Children:
  - {fileID: 8004101982651479536}
  - {fileID: 325524855923755154}
  m_Father: {fileID: 0}
  m_RootOrder: 0
  m_LocalEulerAnglesHint: {x: 0, y: 0, z: 0}
--- !u!114 &7860367928885889403
MonoBehaviour:
  m_ObjectHideFlags: 0
  m_CorrespondingSourceObject: {fileID: 0}
  m_PrefabInstance: {fileID: 0}
  m_PrefabAsset: {fileID: 0}
  m_GameObject: {fileID: 3411681386018482612}
  m_Enabled: 1
  m_EditorHideFlags: 0
  m_Script: {fileID: 11500000, guid: bd098a10289af2d4496d01fb0c305c58, type: 3}
  m_Name: 
  m_EditorClassIdentifier: 
  aliveTime: {x: 0.2, y: 0.5}
  timer: 0
  startPoint: {fileID: 325524855923748070}
  endPoint: {fileID: 325524855923768582}
--- !u!1 &6085458214991026237
GameObject:
  m_ObjectHideFlags: 0
  m_CorrespondingSourceObject: {fileID: 0}
  m_PrefabInstance: {fileID: 0}
  m_PrefabAsset: {fileID: 0}
  serializedVersion: 6
  m_Component:
  - component: {fileID: 8004101982651479536}
  - component: {fileID: 3956488839968765811}
  - component: {fileID: 8482933036921150101}
  - component: {fileID: 8911994227963558561}
  m_Layer: 23
  m_Name: Light
  m_TagString: Untagged
  m_Icon: {fileID: 0}
  m_NavMeshLayer: 0
  m_StaticEditorFlags: 0
  m_IsActive: 1
--- !u!4 &8004101982651479536
Transform:
  m_ObjectHideFlags: 0
  m_CorrespondingSourceObject: {fileID: 0}
  m_PrefabInstance: {fileID: 0}
  m_PrefabAsset: {fileID: 0}
  m_GameObject: {fileID: 6085458214991026237}
  m_LocalRotation: {x: 0, y: 0, z: 0.7071068, w: 0.7071068}
  m_LocalPosition: {x: 0, y: 0, z: 0}
  m_LocalScale: {x: 1, y: 1, z: 1}
  m_Children: []
  m_Father: {fileID: 3938444792118949340}
  m_RootOrder: 0
  m_LocalEulerAnglesHint: {x: 0, y: 0, z: 90}
--- !u!108 &3956488839968765811
Light:
  m_ObjectHideFlags: 0
  m_CorrespondingSourceObject: {fileID: 0}
  m_PrefabInstance: {fileID: 0}
  m_PrefabAsset: {fileID: 0}
  m_GameObject: {fileID: 6085458214991026237}
  m_Enabled: 1
  serializedVersion: 10
  m_Type: 2
  m_Shape: 0
  m_Color: {r: 0.85577554, g: 0.8443396, b: 1, a: 1}
  m_Intensity: 397.88736
  m_Range: 1000
  m_SpotAngle: 138.8
  m_InnerSpotAngle: 21.80208
  m_CookieSize: 10
  m_Shadows:
    m_Type: 0
    m_Resolution: -1
    m_CustomResolution: -1
    m_Strength: 1
    m_Bias: 0.05
    m_NormalBias: 0.4
    m_NearPlane: 0.2
    m_CullingMatrixOverride:
      e00: 1
      e01: 0
      e02: 0
      e03: 0
      e10: 0
      e11: 1
      e12: 0
      e13: 0
      e20: 0
      e21: 0
      e22: 1
      e23: 0
      e30: 0
      e31: 0
      e32: 0
      e33: 1
    m_UseCullingMatrixOverride: 0
  m_Cookie: {fileID: 0}
  m_DrawHalo: 0
  m_Flare: {fileID: 0}
  m_RenderMode: 0
  m_CullingMask:
    serializedVersion: 2
    m_Bits: 4294967295
  m_RenderingLayerMask: 255
  m_Lightmapping: 4
  m_LightShadowCasterMode: 2
  m_AreaSize: {x: 200, y: 0.01}
  m_BounceIntensity: 1
  m_ColorTemperature: 6570
  m_UseColorTemperature: 0
  m_BoundingSphereOverride: {x: 0, y: 0, z: 0, w: 1000}
  m_UseBoundingSphereOverride: 1
  m_UseViewFrustumForShadowCasterCull: 1
  m_ShadowRadius: 2.5
  m_ShadowAngle: 0
--- !u!114 &8482933036921150101
MonoBehaviour:
  m_ObjectHideFlags: 0
  m_CorrespondingSourceObject: {fileID: 0}
  m_PrefabInstance: {fileID: 0}
  m_PrefabAsset: {fileID: 0}
  m_GameObject: {fileID: 6085458214991026237}
  m_Enabled: 1
  m_EditorHideFlags: 0
  m_Script: {fileID: 11500000, guid: 7a68c43fe1f2a47cfa234b5eeaa98012, type: 3}
  m_Name: 
  m_EditorClassIdentifier: 
  m_Intensity: 1000000
  m_EnableSpotReflector: 0
  m_LuxAtDistance: 1
  m_InnerSpotPercent: 3.8
  m_SpotIESCutoffPercent: 100
  m_LightDimmer: 1
  m_VolumetricDimmer: 1
  m_LightUnit: 0
  m_FadeDistance: 10000
  m_VolumetricFadeDistance: 10000
  m_AffectDiffuse: 1
  m_AffectSpecular: 1
  m_NonLightmappedOnly: 0
  m_ShapeWidth: 200
  m_ShapeHeight: 100
  m_AspectRatio: 1
  m_ShapeRadius: 2.5
  m_SoftnessScale: 1
  m_UseCustomSpotLightShadowCone: 0
  m_CustomSpotLightShadowCone: 30
  m_MaxSmoothness: 0.99
  m_ApplyRangeAttenuation: 1
  m_DisplayAreaLightEmissiveMesh: 0
  m_AreaLightCookie: {fileID: 0}
  m_IESPoint: {fileID: 0}
  m_IESSpot: {fileID: 0}
  m_IncludeForRayTracing: 1
  m_AreaLightShadowCone: 120
  m_UseScreenSpaceShadows: 0
  m_InteractsWithSky: 1
  m_AngularDiameter: 0.5
  m_FlareSize: 2
  m_FlareTint: {r: 1, g: 1, b: 1, a: 1}
  m_FlareFalloff: 4
  m_SurfaceTexture: {fileID: 0}
  m_SurfaceTint: {r: 1, g: 1, b: 1, a: 1}
  m_Distance: 1.5e+11
  m_UseRayTracedShadows: 0
  m_NumRayTracingSamples: 4
  m_FilterTracedShadow: 1
  m_FilterSizeTraced: 16
  m_SunLightConeAngle: 0.5
  m_LightShadowRadius: 0.5
  m_SemiTransparentShadow: 0
  m_ColorShadow: 1
  m_DistanceBasedFiltering: 0
  m_EvsmExponent: 15
  m_EvsmLightLeakBias: 0
  m_EvsmVarianceBias: 0.00001
  m_EvsmBlurPasses: 0
  m_LightlayersMask: 255
  m_LinkShadowLayers: 1
  m_ShadowNearPlane: 0.1
  m_BlockerSampleCount: 24
  m_FilterSampleCount: 16
  m_MinFilterSize: 1
  m_KernelSize: 5
  m_LightAngle: 1
  m_MaxDepthBias: 0.001
  m_ShadowResolution:
    m_Override: 512
    m_UseOverride: 0
    m_Level: 0
  m_ShadowDimmer: 1
  m_VolumetricShadowDimmer: 1
  m_ShadowFadeDistance: 10000
  m_UseContactShadow:
    m_Override: 0
    m_UseOverride: 1
    m_Level: 0
  m_RayTracedContactShadow: 0
  m_ShadowTint: {r: 0, g: 0, b: 0, a: 1}
  m_PenumbraTint: 0
  m_NormalBias: 0.75
  m_SlopeBias: 0.5
  m_ShadowUpdateMode: 0
  m_AlwaysDrawDynamicShadows: 0
  m_UpdateShadowOnLightMovement: 0
  m_CachedShadowTranslationThreshold: 0.01
  m_CachedShadowAngularThreshold: 0.5
  m_BarnDoorAngle: 90
  m_BarnDoorLength: 0.05
  m_preserveCachedShadow: 0
  m_OnDemandShadowRenderOnPlacement: 1
  m_ShadowCascadeRatios:
  - 0.05
  - 0.2
  - 0.3
  m_ShadowCascadeBorders:
  - 0.2
  - 0.2
  - 0.2
  - 0.2
  m_ShadowAlgorithm: 0
  m_ShadowVariant: 0
  m_ShadowPrecision: 0
  useOldInspector: 0
  useVolumetric: 0
  featuresFoldout: 1
  showAdditionalSettings: 1
  m_AreaLightEmissiveMeshShadowCastingMode: 0
  m_AreaLightEmissiveMeshMotionVectorGenerationMode: 0
  m_AreaLightEmissiveMeshLayer: -1
  m_Version: 11
  m_ObsoleteShadowResolutionTier: 1
  m_ObsoleteUseShadowQualitySettings: 0
  m_ObsoleteCustomShadowResolution: 512
  m_ObsoleteContactShadows: 0
  m_PointlightHDType: 1
  m_SpotLightShape: 0
  m_AreaLightShape: 1
--- !u!114 &8911994227963558561
MonoBehaviour:
  m_ObjectHideFlags: 0
  m_CorrespondingSourceObject: {fileID: 0}
  m_PrefabInstance: {fileID: 0}
  m_PrefabAsset: {fileID: 0}
  m_GameObject: {fileID: 6085458214991026237}
  m_Enabled: 1
  m_EditorHideFlags: 0
  m_Script: {fileID: 11500000, guid: dbe1857e98a030e4eb2e3ac3625d09de, type: 3}
  m_Name: 
  m_EditorClassIdentifier: 
  isSetup: 0
  room: {fileID: 0}
  preset: {fileID: 11400000, guid: 1a56f49af2aea154181f027a8a7185ca, type: 2}
  isOn: 1
  isUnscrewed: 0
  closedBreaker: 0
  isCulled: 0
  lightState: 1
  light: {fileID: 3956488839968765811}
  hdrpLightData: {fileID: 8482933036921150101}
  lightColour: {r: 0.85490197, g: 0.84313726, b: 1, a: 1}
  intensity: 1
  exteriorShadowLight: {fileID: 0}
  exteriorShadowLightHdrpData: {fileID: 0}
  rend: {fileID: 0}
  mat: {fileID: 2100000, guid: 41b7af0b7c3fa0d43929bacef279a349, type: 2}
  useVolumetrics: 0
  useShadows: 0
  flicker: 1
  flickerColourMultiplier: 0
  pulseSpeed: 1
  ceilingFan: {fileID: 0}
  ceilingFanOn: 1
  ceilingFanSpeed: 0
  closestNodeDebug: 
--- !u!1001 &325524855923661592
PrefabInstance:
  m_ObjectHideFlags: 0
  serializedVersion: 2
  m_Modification:
    m_TransformParent: {fileID: 3938444792118949340}
    m_Modifications:
    - target: {fileID: 178460, guid: a84cb58ef7faa67488076810242453b9, type: 3}
      propertyPath: m_Name
      value: SimpleLightningBoltAnimatedPrefab
      objectReference: {fileID: 0}
    - target: {fileID: 430986, guid: a84cb58ef7faa67488076810242453b9, type: 3}
      propertyPath: m_RootOrder
      value: 1
      objectReference: {fileID: 0}
    - target: {fileID: 430986, guid: a84cb58ef7faa67488076810242453b9, type: 3}
      propertyPath: m_LocalPosition.x
      value: 0
      objectReference: {fileID: 0}
    - target: {fileID: 430986, guid: a84cb58ef7faa67488076810242453b9, type: 3}
      propertyPath: m_LocalPosition.y
      value: 0
      objectReference: {fileID: 0}
    - target: {fileID: 430986, guid: a84cb58ef7faa67488076810242453b9, type: 3}
      propertyPath: m_LocalPosition.z
      value: 0
      objectReference: {fileID: 0}
    - target: {fileID: 430986, guid: a84cb58ef7faa67488076810242453b9, type: 3}
      propertyPath: m_LocalRotation.w
      value: 1
      objectReference: {fileID: 0}
    - target: {fileID: 430986, guid: a84cb58ef7faa67488076810242453b9, type: 3}
      propertyPath: m_LocalRotation.x
      value: 0
      objectReference: {fileID: 0}
    - target: {fileID: 430986, guid: a84cb58ef7faa67488076810242453b9, type: 3}
      propertyPath: m_LocalRotation.y
      value: 0
      objectReference: {fileID: 0}
    - target: {fileID: 430986, guid: a84cb58ef7faa67488076810242453b9, type: 3}
      propertyPath: m_LocalRotation.z
      value: 0
      objectReference: {fileID: 0}
    - target: {fileID: 430986, guid: a84cb58ef7faa67488076810242453b9, type: 3}
      propertyPath: m_LocalEulerAnglesHint.x
      value: 0
      objectReference: {fileID: 0}
    - target: {fileID: 430986, guid: a84cb58ef7faa67488076810242453b9, type: 3}
      propertyPath: m_LocalEulerAnglesHint.y
      value: 0
      objectReference: {fileID: 0}
    - target: {fileID: 430986, guid: a84cb58ef7faa67488076810242453b9, type: 3}
      propertyPath: m_LocalEulerAnglesHint.z
      value: 0
      objectReference: {fileID: 0}
    - target: {fileID: 435742, guid: a84cb58ef7faa67488076810242453b9, type: 3}
      propertyPath: m_LocalPosition.x
      value: 0
      objectReference: {fileID: 0}
    - target: {fileID: 435742, guid: a84cb58ef7faa67488076810242453b9, type: 3}
      propertyPath: m_LocalPosition.y
      value: 0
      objectReference: {fileID: 0}
    - target: {fileID: 456702, guid: a84cb58ef7faa67488076810242453b9, type: 3}
      propertyPath: m_LocalPosition.x
      value: 0
      objectReference: {fileID: 0}
    - target: {fileID: 456702, guid: a84cb58ef7faa67488076810242453b9, type: 3}
      propertyPath: m_LocalPosition.y
      value: 10.4
      objectReference: {fileID: 0}
    - target: {fileID: 11413728, guid: a84cb58ef7faa67488076810242453b9, type: 3}
      propertyPath: Duration
      value: 0.05
      objectReference: {fileID: 0}
    - target: {fileID: 11413728, guid: a84cb58ef7faa67488076810242453b9, type: 3}
      propertyPath: ChaosFactor
      value: 0.233
      objectReference: {fileID: 0}
    - target: {fileID: 11413728, guid: a84cb58ef7faa67488076810242453b9, type: 3}
      propertyPath: Generations
      value: 6
      objectReference: {fileID: 0}
    - target: {fileID: 12080208, guid: a84cb58ef7faa67488076810242453b9, type: 3}
      propertyPath: m_MotionVectors
      value: 2
      objectReference: {fileID: 0}
    - target: {fileID: 12080208, guid: a84cb58ef7faa67488076810242453b9, type: 3}
      propertyPath: m_RenderingLayerMask
      value: 4294967295
      objectReference: {fileID: 0}
    - target: {fileID: 12080208, guid: a84cb58ef7faa67488076810242453b9, type: 3}
      propertyPath: m_Positions.Array.size
      value: 129
      objectReference: {fileID: 0}
    - target: {fileID: 12080208, guid: a84cb58ef7faa67488076810242453b9, type: 3}
      propertyPath: m_Positions.Array.data[0].x
      value: 19.48409
      objectReference: {fileID: 0}
    - target: {fileID: 12080208, guid: a84cb58ef7faa67488076810242453b9, type: 3}
      propertyPath: m_Positions.Array.data[0].y
      value: 124.799995
      objectReference: {fileID: 0}
    - target: {fileID: 12080208, guid: a84cb58ef7faa67488076810242453b9, type: 3}
      propertyPath: m_Positions.Array.data[0].z
      value: 1.6329516
      objectReference: {fileID: 0}
    - target: {fileID: 12080208, guid: a84cb58ef7faa67488076810242453b9, type: 3}
      propertyPath: m_Positions.Array.data[1].x
      value: 19.586166
      objectReference: {fileID: 0}
    - target: {fileID: 12080208, guid: a84cb58ef7faa67488076810242453b9, type: 3}
      propertyPath: m_Positions.Array.data[1].y
      value: 123.766815
      objectReference: {fileID: 0}
    - target: {fileID: 12080208, guid: a84cb58ef7faa67488076810242453b9, type: 3}
      propertyPath: m_Positions.Array.data[1].z
      value: 1.1411802
      objectReference: {fileID: 0}
    - target: {fileID: 12080208, guid: a84cb58ef7faa67488076810242453b9, type: 3}
      propertyPath: m_Positions.Array.data[2].x
      value: 19.835224
      objectReference: {fileID: 0}
    - target: {fileID: 12080208, guid: a84cb58ef7faa67488076810242453b9, type: 3}
      propertyPath: m_Positions.Array.data[2].y
      value: 122.6513
      objectReference: {fileID: 0}
    - target: {fileID: 12080208, guid: a84cb58ef7faa67488076810242453b9, type: 3}
      propertyPath: m_Positions.Array.data[2].z
      value: 1.256586
      objectReference: {fileID: 0}
    - target: {fileID: 12080208, guid: a84cb58ef7faa67488076810242453b9, type: 3}
      propertyPath: m_Positions.Array.data[3].x
      value: 19.584497
      objectReference: {fileID: 0}
    - target: {fileID: 12080208, guid: a84cb58ef7faa67488076810242453b9, type: 3}
      propertyPath: m_Positions.Array.data[3].y
      value: 121.731865
      objectReference: {fileID: 0}
    - target: {fileID: 12080208, guid: a84cb58ef7faa67488076810242453b9, type: 3}
      propertyPath: m_Positions.Array.data[3].z
      value: 0.66644084
      objectReference: {fileID: 0}
    - target: {fileID: 12080208, guid: a84cb58ef7faa67488076810242453b9, type: 3}
      propertyPath: m_Positions.Array.data[4].x
      value: 19.112406
      objectReference: {fileID: 0}
    - target: {fileID: 12080208, guid: a84cb58ef7faa67488076810242453b9, type: 3}
      propertyPath: m_Positions.Array.data[4].y
      value: 120.75652
      objectReference: {fileID: 0}
    - target: {fileID: 12080208, guid: a84cb58ef7faa67488076810242453b9, type: 3}
      propertyPath: m_Positions.Array.data[4].z
      value: 0.379526
      objectReference: {fileID: 0}
    - target: {fileID: 12080208, guid: a84cb58ef7faa67488076810242453b9, type: 3}
      propertyPath: m_Positions.Array.data[5].x
      value: 18.675732
      objectReference: {fileID: 0}
    - target: {fileID: 12080208, guid: a84cb58ef7faa67488076810242453b9, type: 3}
      propertyPath: m_Positions.Array.data[5].y
      value: 119.65274
      objectReference: {fileID: 0}
    - target: {fileID: 12080208, guid: a84cb58ef7faa67488076810242453b9, type: 3}
      propertyPath: m_Positions.Array.data[5].z
      value: 0.3658908
      objectReference: {fileID: 0}
    - target: {fileID: 12080208, guid: a84cb58ef7faa67488076810242453b9, type: 3}
      propertyPath: m_Positions.Array.data[6].x
      value: 18.888556
      objectReference: {fileID: 0}
    - target: {fileID: 12080208, guid: a84cb58ef7faa67488076810242453b9, type: 3}
      propertyPath: m_Positions.Array.data[6].y
      value: 118.5404
      objectReference: {fileID: 0}
    - target: {fileID: 12080208, guid: a84cb58ef7faa67488076810242453b9, type: 3}
      propertyPath: m_Positions.Array.data[6].z
      value: 0.7216919
      objectReference: {fileID: 0}
    - target: {fileID: 12080208, guid: a84cb58ef7faa67488076810242453b9, type: 3}
      propertyPath: m_Positions.Array.data[7].x
      value: 18.857899
      objectReference: {fileID: 0}
    - target: {fileID: 12080208, guid: a84cb58ef7faa67488076810242453b9, type: 3}
      propertyPath: m_Positions.Array.data[7].y
      value: 117.52961
      objectReference: {fileID: 0}
    - target: {fileID: 12080208, guid: a84cb58ef7faa67488076810242453b9, type: 3}
      propertyPath: m_Positions.Array.data[7].z
      value: 0.21041979
      objectReference: {fileID: 0}
    - target: {fileID: 12080208, guid: a84cb58ef7faa67488076810242453b9, type: 3}
      propertyPath: m_Positions.Array.data[8].x
      value: 19.052174
      objectReference: {fileID: 0}
    - target: {fileID: 12080208, guid: a84cb58ef7faa67488076810242453b9, type: 3}
      propertyPath: m_Positions.Array.data[8].y
      value: 116.57318
      objectReference: {fileID: 0}
    - target: {fileID: 12080208, guid: a84cb58ef7faa67488076810242453b9, type: 3}
      propertyPath: m_Positions.Array.data[8].z
      value: -0.3653711
      objectReference: {fileID: 0}
    - target: {fileID: 12080208, guid: a84cb58ef7faa67488076810242453b9, type: 3}
      propertyPath: m_Positions.Array.data[9].x
      value: 19.140865
      objectReference: {fileID: 0}
    - target: {fileID: 12080208, guid: a84cb58ef7faa67488076810242453b9, type: 3}
      propertyPath: m_Positions.Array.data[9].y
      value: 115.445786
      objectReference: {fileID: 0}
    - target: {fileID: 12080208, guid: a84cb58ef7faa67488076810242453b9, type: 3}
      propertyPath: m_Positions.Array.data[9].z
      value: -0.21030082
      objectReference: {fileID: 0}
    - target: {fileID: 12080208, guid: a84cb58ef7faa67488076810242453b9, type: 3}
      propertyPath: m_Positions.Array.data[10].x
      value: 19.792866
      objectReference: {fileID: 0}
    - target: {fileID: 12080208, guid: a84cb58ef7faa67488076810242453b9, type: 3}
      propertyPath: m_Positions.Array.data[10].y
      value: 114.51074
      objectReference: {fileID: 0}
    - target: {fileID: 12080208, guid: a84cb58ef7faa67488076810242453b9, type: 3}
      propertyPath: m_Positions.Array.data[10].z
      value: -0.2696547
      objectReference: {fileID: 0}
    - target: {fileID: 12080208, guid: a84cb58ef7faa67488076810242453b9, type: 3}
      propertyPath: m_Positions.Array.data[11].x
      value: 20.100471
      objectReference: {fileID: 0}
    - target: {fileID: 12080208, guid: a84cb58ef7faa67488076810242453b9, type: 3}
      propertyPath: m_Positions.Array.data[11].y
      value: 113.45911
      objectReference: {fileID: 0}
    - target: {fileID: 12080208, guid: a84cb58ef7faa67488076810242453b9, type: 3}
      propertyPath: m_Positions.Array.data[11].z
      value: -0.5914784
      objectReference: {fileID: 0}
    - target: {fileID: 12080208, guid: a84cb58ef7faa67488076810242453b9, type: 3}
      propertyPath: m_Positions.Array.data[12].x
      value: 20.03766
      objectReference: {fileID: 0}
    - target: {fileID: 12080208, guid: a84cb58ef7faa67488076810242453b9, type: 3}
      propertyPath: m_Positions.Array.data[12].y
      value: 112.3349
      objectReference: {fileID: 0}
    - target: {fileID: 12080208, guid: a84cb58ef7faa67488076810242453b9, type: 3}
      propertyPath: m_Positions.Array.data[12].z
      value: -0.40083632
      objectReference: {fileID: 0}
    - target: {fileID: 12080208, guid: a84cb58ef7faa67488076810242453b9, type: 3}
      propertyPath: m_Positions.Array.data[13].x
      value: 19.840216
      objectReference: {fileID: 0}
    - target: {fileID: 12080208, guid: a84cb58ef7faa67488076810242453b9, type: 3}
      propertyPath: m_Positions.Array.data[13].y
      value: 111.31195
      objectReference: {fileID: 0}
    - target: {fileID: 12080208, guid: a84cb58ef7faa67488076810242453b9, type: 3}
      propertyPath: m_Positions.Array.data[13].z
      value: -0.7452781
      objectReference: {fileID: 0}
    - target: {fileID: 12080208, guid: a84cb58ef7faa67488076810242453b9, type: 3}
      propertyPath: m_Positions.Array.data[14].x
      value: 19.64182
      objectReference: {fileID: 0}
    - target: {fileID: 12080208, guid: a84cb58ef7faa67488076810242453b9, type: 3}
      propertyPath: m_Positions.Array.data[14].y
      value: 110.23841
      objectReference: {fileID: 0}
    - target: {fileID: 12080208, guid: a84cb58ef7faa67488076810242453b9, type: 3}
      propertyPath: m_Positions.Array.data[14].z
      value: -0.8556004
      objectReference: {fileID: 0}
    - target: {fileID: 12080208, guid: a84cb58ef7faa67488076810242453b9, type: 3}
      propertyPath: m_Positions.Array.data[15].x
      value: 19.243263
      objectReference: {fileID: 0}
    - target: {fileID: 12080208, guid: a84cb58ef7faa67488076810242453b9, type: 3}
      propertyPath: m_Positions.Array.data[15].y
      value: 109.237206
      objectReference: {fileID: 0}
    - target: {fileID: 12080208, guid: a84cb58ef7faa67488076810242453b9, type: 3}
      propertyPath: m_Positions.Array.data[15].z
      value: -1.2331398
      objectReference: {fileID: 0}
    - target: {fileID: 12080208, guid: a84cb58ef7faa67488076810242453b9, type: 3}
      propertyPath: m_Positions.Array.data[16].x
      value: 19.139694
      objectReference: {fileID: 0}
    - target: {fileID: 12080208, guid: a84cb58ef7faa67488076810242453b9, type: 3}
      propertyPath: m_Positions.Array.data[16].y
      value: 108.12143
      objectReference: {fileID: 0}
    - target: {fileID: 12080208, guid: a84cb58ef7faa67488076810242453b9, type: 3}
      propertyPath: m_Positions.Array.data[16].z
      value: -1.0138553
      objectReference: {fileID: 0}
    - target: {fileID: 12080208, guid: a84cb58ef7faa67488076810242453b9, type: 3}
      propertyPath: m_Positions.Array.data[17].x
      value: 18.297935
      objectReference: {fileID: 0}
    - target: {fileID: 12080208, guid: a84cb58ef7faa67488076810242453b9, type: 3}
      propertyPath: m_Positions.Array.data[17].y
      value: 107.23974
      objectReference: {fileID: 0}
    - target: {fileID: 12080208, guid: a84cb58ef7faa67488076810242453b9, type: 3}
      propertyPath: m_Positions.Array.data[17].z
      value: -1.2160882
      objectReference: {fileID: 0}
    - target: {fileID: 12080208, guid: a84cb58ef7faa67488076810242453b9, type: 3}
      propertyPath: m_Positions.Array.data[18].x
      value: 18.07742
      objectReference: {fileID: 0}
    - target: {fileID: 12080208, guid: a84cb58ef7faa67488076810242453b9, type: 3}
      propertyPath: m_Positions.Array.data[18].y
      value: 106.04591
      objectReference: {fileID: 0}
    - target: {fileID: 12080208, guid: a84cb58ef7faa67488076810242453b9, type: 3}
      propertyPath: m_Positions.Array.data[18].z
      value: -1.4462825
      objectReference: {fileID: 0}
    - target: {fileID: 12080208, guid: a84cb58ef7faa67488076810242453b9, type: 3}
      propertyPath: m_Positions.Array.data[19].x
      value: 17.243925
      objectReference: {fileID: 0}
    - target: {fileID: 12080208, guid: a84cb58ef7faa67488076810242453b9, type: 3}
      propertyPath: m_Positions.Array.data[19].y
      value: 105.45669
      objectReference: {fileID: 0}
    - target: {fileID: 12080208, guid: a84cb58ef7faa67488076810242453b9, type: 3}
      propertyPath: m_Positions.Array.data[19].z
      value: -0.7675231
      objectReference: {fileID: 0}
    - target: {fileID: 12080208, guid: a84cb58ef7faa67488076810242453b9, type: 3}
      propertyPath: m_Positions.Array.data[20].x
      value: 16.67334
      objectReference: {fileID: 0}
    - target: {fileID: 12080208, guid: a84cb58ef7faa67488076810242453b9, type: 3}
      propertyPath: m_Positions.Array.data[20].y
      value: 104.42346
      objectReference: {fileID: 0}
    - target: {fileID: 12080208, guid: a84cb58ef7faa67488076810242453b9, type: 3}
      propertyPath: m_Positions.Array.data[20].z
      value: -0.43663636
      objectReference: {fileID: 0}
    - target: {fileID: 12080208, guid: a84cb58ef7faa67488076810242453b9, type: 3}
      propertyPath: m_Positions.Array.data[21].x
      value: 16.379631
      objectReference: {fileID: 0}
    - target: {fileID: 12080208, guid: a84cb58ef7faa67488076810242453b9, type: 3}
      propertyPath: m_Positions.Array.data[21].y
      value: 103.346176
      objectReference: {fileID: 0}
    - target: {fileID: 12080208, guid: a84cb58ef7faa67488076810242453b9, type: 3}
      propertyPath: m_Positions.Array.data[21].z
      value: -0.23918487
      objectReference: {fileID: 0}
    - target: {fileID: 12080208, guid: a84cb58ef7faa67488076810242453b9, type: 3}
      propertyPath: m_Positions.Array.data[22].x
      value: 16.188618
      objectReference: {fileID: 0}
    - target: {fileID: 12080208, guid: a84cb58ef7faa67488076810242453b9, type: 3}
      propertyPath: m_Positions.Array.data[22].y
      value: 102.24907
      objectReference: {fileID: 0}
    - target: {fileID: 12080208, guid: a84cb58ef7faa67488076810242453b9, type: 3}
      propertyPath: m_Positions.Array.data[22].z
      value: -0.025484115
      objectReference: {fileID: 0}
    - target: {fileID: 12080208, guid: a84cb58ef7faa67488076810242453b9, type: 3}
      propertyPath: m_Positions.Array.data[23].x
      value: 15.533474
      objectReference: {fileID: 0}
    - target: {fileID: 12080208, guid: a84cb58ef7faa67488076810242453b9, type: 3}
      propertyPath: m_Positions.Array.data[23].y
      value: 101.377754
      objectReference: {fileID: 0}
    - target: {fileID: 12080208, guid: a84cb58ef7faa67488076810242453b9, type: 3}
      propertyPath: m_Positions.Array.data[23].z
      value: 0.4779504
      objectReference: {fileID: 0}
    - target: {fileID: 12080208, guid: a84cb58ef7faa67488076810242453b9, type: 3}
      propertyPath: m_Positions.Array.data[24].x
      value: 15.649062
      objectReference: {fileID: 0}
    - target: {fileID: 12080208, guid: a84cb58ef7faa67488076810242453b9, type: 3}
      propertyPath: m_Positions.Array.data[24].y
      value: 100.304115
      objectReference: {fileID: 0}
    - target: {fileID: 12080208, guid: a84cb58ef7faa67488076810242453b9, type: 3}
      propertyPath: m_Positions.Array.data[24].z
      value: 1.0031136
      objectReference: {fileID: 0}
    - target: {fileID: 12080208, guid: a84cb58ef7faa67488076810242453b9, type: 3}
      propertyPath: m_Positions.Array.data[25].x
      value: 15.264173
      objectReference: {fileID: 0}
    - target: {fileID: 12080208, guid: a84cb58ef7faa67488076810242453b9, type: 3}
      propertyPath: m_Positions.Array.data[25].y
      value: 99.1243
      objectReference: {fileID: 0}
    - target: {fileID: 12080208, guid: a84cb58ef7faa67488076810242453b9, type: 3}
      propertyPath: m_Positions.Array.data[25].z
      value: 1.2627586
      objectReference: {fileID: 0}
    - target: {fileID: 12080208, guid: a84cb58ef7faa67488076810242453b9, type: 3}
      propertyPath: m_Positions.Array.data[26].x
      value: 14.257926
      objectReference: {fileID: 0}
    - target: {fileID: 12080208, guid: a84cb58ef7faa67488076810242453b9, type: 3}
      propertyPath: m_Positions.Array.data[26].y
      value: 98.43508
      objectReference: {fileID: 0}
    - target: {fileID: 12080208, guid: a84cb58ef7faa67488076810242453b9, type: 3}
      propertyPath: m_Positions.Array.data[26].z
      value: 1.6091383
      objectReference: {fileID: 0}
    - target: {fileID: 12080208, guid: a84cb58ef7faa67488076810242453b9, type: 3}
      propertyPath: m_Positions.Array.data[27].x
      value: 13.456014
      objectReference: {fileID: 0}
    - target: {fileID: 12080208, guid: a84cb58ef7faa67488076810242453b9, type: 3}
      propertyPath: m_Positions.Array.data[27].y
      value: 97.63767
      objectReference: {fileID: 0}
    - target: {fileID: 12080208, guid: a84cb58ef7faa67488076810242453b9, type: 3}
      propertyPath: m_Positions.Array.data[27].z
      value: 1.0460705
      objectReference: {fileID: 0}
    - target: {fileID: 12080208, guid: a84cb58ef7faa67488076810242453b9, type: 3}
      propertyPath: m_Positions.Array.data[28].x
      value: 13.26648
      objectReference: {fileID: 0}
    - target: {fileID: 12080208, guid: a84cb58ef7faa67488076810242453b9, type: 3}
      propertyPath: m_Positions.Array.data[28].y
      value: 96.43596
      objectReference: {fileID: 0}
    - target: {fileID: 12080208, guid: a84cb58ef7faa67488076810242453b9, type: 3}
      propertyPath: m_Positions.Array.data[28].z
      value: 0.70559895
      objectReference: {fileID: 0}
    - target: {fileID: 12080208, guid: a84cb58ef7faa67488076810242453b9, type: 3}
      propertyPath: m_Positions.Array.data[29].x
      value: 12.325207
      objectReference: {fileID: 0}
    - target: {fileID: 12080208, guid: a84cb58ef7faa67488076810242453b9, type: 3}
      propertyPath: m_Positions.Array.data[29].y
      value: 96.03652
      objectReference: {fileID: 0}
    - target: {fileID: 12080208, guid: a84cb58ef7faa67488076810242453b9, type: 3}
      propertyPath: m_Positions.Array.data[29].z
      value: 0.17571583
      objectReference: {fileID: 0}
    - target: {fileID: 12080208, guid: a84cb58ef7faa67488076810242453b9, type: 3}
      propertyPath: m_Positions.Array.data[30].x
      value: 11.470334
      objectReference: {fileID: 0}
    - target: {fileID: 12080208, guid: a84cb58ef7faa67488076810242453b9, type: 3}
      propertyPath: m_Positions.Array.data[30].y
      value: 95.36343
      objectReference: {fileID: 0}
    - target: {fileID: 12080208, guid: a84cb58ef7faa67488076810242453b9, type: 3}
      propertyPath: m_Positions.Array.data[30].z
      value: -0.20170777
      objectReference: {fileID: 0}
    - target: {fileID: 12080208, guid: a84cb58ef7faa67488076810242453b9, type: 3}
      propertyPath: m_Positions.Array.data[31].x
      value: 10.476668
      objectReference: {fileID: 0}
    - target: {fileID: 12080208, guid: a84cb58ef7faa67488076810242453b9, type: 3}
      propertyPath: m_Positions.Array.data[31].y
      value: 94.92048
      objectReference: {fileID: 0}
    - target: {fileID: 12080208, guid: a84cb58ef7faa67488076810242453b9, type: 3}
      propertyPath: m_Positions.Array.data[31].z
      value: -0.604581
      objectReference: {fileID: 0}
    - target: {fileID: 12080208, guid: a84cb58ef7faa67488076810242453b9, type: 3}
      propertyPath: m_Positions.Array.data[32].x
      value: 9.694852
      objectReference: {fileID: 0}
    - target: {fileID: 12080208, guid: a84cb58ef7faa67488076810242453b9, type: 3}
      propertyPath: m_Positions.Array.data[32].y
      value: 94.1185
      objectReference: {fileID: 0}
    - target: {fileID: 12080208, guid: a84cb58ef7faa67488076810242453b9, type: 3}
      propertyPath: m_Positions.Array.data[32].z
      value: -0.90704495
      objectReference: {fileID: 0}
    - target: {fileID: 12080208, guid: a84cb58ef7faa67488076810242453b9, type: 3}
      propertyPath: m_Positions.Array.data[33].x
      value: 9.426369
      objectReference: {fileID: 0}
    - target: {fileID: 12080208, guid: a84cb58ef7faa67488076810242453b9, type: 3}
      propertyPath: m_Positions.Array.data[33].y
      value: 93.23223
      objectReference: {fileID: 0}
    - target: {fileID: 12080208, guid: a84cb58ef7faa67488076810242453b9, type: 3}
      propertyPath: m_Positions.Array.data[33].z
      value: -1.6568695
      objectReference: {fileID: 0}
    - target: {fileID: 12080208, guid: a84cb58ef7faa67488076810242453b9, type: 3}
      propertyPath: m_Positions.Array.data[34].x
      value: 8.860215
      objectReference: {fileID: 0}
    - target: {fileID: 12080208, guid: a84cb58ef7faa67488076810242453b9, type: 3}
      propertyPath: m_Positions.Array.data[34].y
      value: 92.18389
      objectReference: {fileID: 0}
    - target: {fileID: 12080208, guid: a84cb58ef7faa67488076810242453b9, type: 3}
      propertyPath: m_Positions.Array.data[34].z
      value: -1.6409218
      objectReference: {fileID: 0}
    - target: {fileID: 12080208, guid: a84cb58ef7faa67488076810242453b9, type: 3}
      propertyPath: m_Positions.Array.data[35].x
      value: 9.252672
      objectReference: {fileID: 0}
    - target: {fileID: 12080208, guid: a84cb58ef7faa67488076810242453b9, type: 3}
      propertyPath: m_Positions.Array.data[35].y
      value: 91.07348
      objectReference: {fileID: 0}
    - target: {fileID: 12080208, guid: a84cb58ef7faa67488076810242453b9, type: 3}
      propertyPath: m_Positions.Array.data[35].z
      value: -1.6839247
      objectReference: {fileID: 0}
    - target: {fileID: 12080208, guid: a84cb58ef7faa67488076810242453b9, type: 3}
      propertyPath: m_Positions.Array.data[36].x
      value: 8.902507
      objectReference: {fileID: 0}
    - target: {fileID: 12080208, guid: a84cb58ef7faa67488076810242453b9, type: 3}
      propertyPath: m_Positions.Array.data[36].y
      value: 89.96694
      objectReference: {fileID: 0}
    - target: {fileID: 12080208, guid: a84cb58ef7faa67488076810242453b9, type: 3}
      propertyPath: m_Positions.Array.data[36].z
      value: -1.8884587
      objectReference: {fileID: 0}
    - target: {fileID: 12080208, guid: a84cb58ef7faa67488076810242453b9, type: 3}
      propertyPath: m_Positions.Array.data[37].x
      value: 8.790381
      objectReference: {fileID: 0}
    - target: {fileID: 12080208, guid: a84cb58ef7faa67488076810242453b9, type: 3}
      propertyPath: m_Positions.Array.data[37].y
      value: 88.95976
      objectReference: {fileID: 0}
    - target: {fileID: 12080208, guid: a84cb58ef7faa67488076810242453b9, type: 3}
      propertyPath: m_Positions.Array.data[37].z
      value: -1.4624044
      objectReference: {fileID: 0}
    - target: {fileID: 12080208, guid: a84cb58ef7faa67488076810242453b9, type: 3}
      propertyPath: m_Positions.Array.data[38].x
      value: 8.805088
      objectReference: {fileID: 0}
    - target: {fileID: 12080208, guid: a84cb58ef7faa67488076810242453b9, type: 3}
      propertyPath: m_Positions.Array.data[38].y
      value: 87.87431
      objectReference: {fileID: 0}
    - target: {fileID: 12080208, guid: a84cb58ef7faa67488076810242453b9, type: 3}
      propertyPath: m_Positions.Array.data[38].z
      value: -1.2889922
      objectReference: {fileID: 0}
    - target: {fileID: 12080208, guid: a84cb58ef7faa67488076810242453b9, type: 3}
      propertyPath: m_Positions.Array.data[39].x
      value: 8.792996
      objectReference: {fileID: 0}
    - target: {fileID: 12080208, guid: a84cb58ef7faa67488076810242453b9, type: 3}
      propertyPath: m_Positions.Array.data[39].y
      value: 86.83015
      objectReference: {fileID: 0}
    - target: {fileID: 12080208, guid: a84cb58ef7faa67488076810242453b9, type: 3}
      propertyPath: m_Positions.Array.data[39].z
      value: -0.94008607
      objectReference: {fileID: 0}
    - target: {fileID: 12080208, guid: a84cb58ef7faa67488076810242453b9, type: 3}
      propertyPath: m_Positions.Array.data[40].x
      value: 9.093617
      objectReference: {fileID: 0}
    - target: {fileID: 12080208, guid: a84cb58ef7faa67488076810242453b9, type: 3}
      propertyPath: m_Positions.Array.data[40].y
      value: 85.83661
      objectReference: {fileID: 0}
    - target: {fileID: 12080208, guid: a84cb58ef7faa67488076810242453b9, type: 3}
      propertyPath: m_Positions.Array.data[40].z
      value: -0.5730915
      objectReference: {fileID: 0}
    - target: {fileID: 12080208, guid: a84cb58ef7faa67488076810242453b9, type: 3}
      propertyPath: m_Positions.Array.data[41].x
      value: 9.068184
      objectReference: {fileID: 0}
    - target: {fileID: 12080208, guid: a84cb58ef7faa67488076810242453b9, type: 3}
      propertyPath: m_Positions.Array.data[41].y
      value: 84.9965
      objectReference: {fileID: 0}
    - target: {fileID: 12080208, guid: a84cb58ef7faa67488076810242453b9, type: 3}
      propertyPath: m_Positions.Array.data[41].z
      value: 0.18335691
      objectReference: {fileID: 0}
    - target: {fileID: 12080208, guid: a84cb58ef7faa67488076810242453b9, type: 3}
      propertyPath: m_Positions.Array.data[42].x
      value: 9.4434395
      objectReference: {fileID: 0}
    - target: {fileID: 12080208, guid: a84cb58ef7faa67488076810242453b9, type: 3}
      propertyPath: m_Positions.Array.data[42].y
      value: 83.961784
      objectReference: {fileID: 0}
    - target: {fileID: 12080208, guid: a84cb58ef7faa67488076810242453b9, type: 3}
      propertyPath: m_Positions.Array.data[42].z
      value: 0.44262213
      objectReference: {fileID: 0}
    - target: {fileID: 12080208, guid: a84cb58ef7faa67488076810242453b9, type: 3}
      propertyPath: m_Positions.Array.data[43].x
      value: 9.483484
      objectReference: {fileID: 0}
    - target: {fileID: 12080208, guid: a84cb58ef7faa67488076810242453b9, type: 3}
      propertyPath: m_Positions.Array.data[43].y
      value: 82.83157
      objectReference: {fileID: 0}
    - target: {fileID: 12080208, guid: a84cb58ef7faa67488076810242453b9, type: 3}
      propertyPath: m_Positions.Array.data[43].z
      value: 0.59975976
      objectReference: {fileID: 0}
    - target: {fileID: 12080208, guid: a84cb58ef7faa67488076810242453b9, type: 3}
      propertyPath: m_Positions.Array.data[44].x
      value: 10.054216
      objectReference: {fileID: 0}
    - target: {fileID: 12080208, guid: a84cb58ef7faa67488076810242453b9, type: 3}
      propertyPath: m_Positions.Array.data[44].y
      value: 82.01784
      objectReference: {fileID: 0}
    - target: {fileID: 12080208, guid: a84cb58ef7faa67488076810242453b9, type: 3}
      propertyPath: m_Positions.Array.data[44].z
      value: 1.1616831
      objectReference: {fileID: 0}
    - target: {fileID: 12080208, guid: a84cb58ef7faa67488076810242453b9, type: 3}
      propertyPath: m_Positions.Array.data[45].x
      value: 9.754539
      objectReference: {fileID: 0}
    - target: {fileID: 12080208, guid: a84cb58ef7faa67488076810242453b9, type: 3}
      propertyPath: m_Positions.Array.data[45].y
      value: 80.97281
      objectReference: {fileID: 0}
    - target: {fileID: 12080208, guid: a84cb58ef7faa67488076810242453b9, type: 3}
      propertyPath: m_Positions.Array.data[45].z
      value: 1.1968206
      objectReference: {fileID: 0}
    - target: {fileID: 12080208, guid: a84cb58ef7faa67488076810242453b9, type: 3}
      propertyPath: m_Positions.Array.data[46].x
      value: 9.559255
      objectReference: {fileID: 0}
    - target: {fileID: 12080208, guid: a84cb58ef7faa67488076810242453b9, type: 3}
      propertyPath: m_Positions.Array.data[46].y
      value: 79.92372
      objectReference: {fileID: 0}
    - target: {fileID: 12080208, guid: a84cb58ef7faa67488076810242453b9, type: 3}
      propertyPath: m_Positions.Array.data[46].z
      value: 1.4075819
      objectReference: {fileID: 0}
    - target: {fileID: 12080208, guid: a84cb58ef7faa67488076810242453b9, type: 3}
      propertyPath: m_Positions.Array.data[47].x
      value: 9.528052
      objectReference: {fileID: 0}
    - target: {fileID: 12080208, guid: a84cb58ef7faa67488076810242453b9, type: 3}
      propertyPath: m_Positions.Array.data[47].y
      value: 78.838165
      objectReference: {fileID: 0}
    - target: {fileID: 12080208, guid: a84cb58ef7faa67488076810242453b9, type: 3}
      propertyPath: m_Positions.Array.data[47].z
      value: 1.512973
      objectReference: {fileID: 0}
    - target: {fileID: 12080208, guid: a84cb58ef7faa67488076810242453b9, type: 3}
      propertyPath: m_Positions.Array.data[48].x
      value: 9.456359
      objectReference: {fileID: 0}
    - target: {fileID: 12080208, guid: a84cb58ef7faa67488076810242453b9, type: 3}
      propertyPath: m_Positions.Array.data[48].y
      value: 77.76101
      objectReference: {fileID: 0}
    - target: {fileID: 12080208, guid: a84cb58ef7faa67488076810242453b9, type: 3}
      propertyPath: m_Positions.Array.data[48].z
      value: 1.3546
      objectReference: {fileID: 0}
    - target: {fileID: 12080208, guid: a84cb58ef7faa67488076810242453b9, type: 3}
      propertyPath: m_Positions.Array.data[49].x
      value: 9.037668
      objectReference: {fileID: 0}
    - target: {fileID: 12080208, guid: a84cb58ef7faa67488076810242453b9, type: 3}
      propertyPath: m_Positions.Array.data[49].y
      value: 76.75218
      objectReference: {fileID: 0}
    - target: {fileID: 12080208, guid: a84cb58ef7faa67488076810242453b9, type: 3}
      propertyPath: m_Positions.Array.data[49].z
      value: 1.0507165
      objectReference: {fileID: 0}
    - target: {fileID: 12080208, guid: a84cb58ef7faa67488076810242453b9, type: 3}
      propertyPath: m_Positions.Array.data[50].x
      value: 9.326645
      objectReference: {fileID: 0}
    - target: {fileID: 12080208, guid: a84cb58ef7faa67488076810242453b9, type: 3}
      propertyPath: m_Positions.Array.data[50].y
      value: 75.680466
      objectReference: {fileID: 0}
    - target: {fileID: 12080208, guid: a84cb58ef7faa67488076810242453b9, type: 3}
      propertyPath: m_Positions.Array.data[50].z
      value: 0.81988704
      objectReference: {fileID: 0}
    - target: {fileID: 12080208, guid: a84cb58ef7faa67488076810242453b9, type: 3}
      propertyPath: m_Positions.Array.data[51].x
      value: 9.359335
      objectReference: {fileID: 0}
    - target: {fileID: 12080208, guid: a84cb58ef7faa67488076810242453b9, type: 3}
      propertyPath: m_Positions.Array.data[51].y
      value: 74.56942
      objectReference: {fileID: 0}
    - target: {fileID: 12080208, guid: a84cb58ef7faa67488076810242453b9, type: 3}
      propertyPath: m_Positions.Array.data[51].z
      value: 0.9913901
      objectReference: {fileID: 0}
    - target: {fileID: 12080208, guid: a84cb58ef7faa67488076810242453b9, type: 3}
      propertyPath: m_Positions.Array.data[52].x
      value: 8.934454
      objectReference: {fileID: 0}
    - target: {fileID: 12080208, guid: a84cb58ef7faa67488076810242453b9, type: 3}
      propertyPath: m_Positions.Array.data[52].y
      value: 73.56739
      objectReference: {fileID: 0}
    - target: {fileID: 12080208, guid: a84cb58ef7faa67488076810242453b9, type: 3}
      propertyPath: m_Positions.Array.data[52].z
      value: 0.70794904
      objectReference: {fileID: 0}
    - target: {fileID: 12080208, guid: a84cb58ef7faa67488076810242453b9, type: 3}
      propertyPath: m_Positions.Array.data[53].x
      value: 8.088765
      objectReference: {fileID: 0}
    - target: {fileID: 12080208, guid: a84cb58ef7faa67488076810242453b9, type: 3}
      propertyPath: m_Positions.Array.data[53].y
      value: 72.785255
      objectReference: {fileID: 0}
    - target: {fileID: 12080208, guid: a84cb58ef7faa67488076810242453b9, type: 3}
      propertyPath: m_Positions.Array.data[53].z
      value: 0.58342326
      objectReference: {fileID: 0}
    - target: {fileID: 12080208, guid: a84cb58ef7faa67488076810242453b9, type: 3}
      propertyPath: m_Positions.Array.data[54].x
      value: 7.5549526
      objectReference: {fileID: 0}
    - target: {fileID: 12080208, guid: a84cb58ef7faa67488076810242453b9, type: 3}
      propertyPath: m_Positions.Array.data[54].y
      value: 72.11527
      objectReference: {fileID: 0}
    - target: {fileID: 12080208, guid: a84cb58ef7faa67488076810242453b9, type: 3}
      propertyPath: m_Positions.Array.data[54].z
      value: -0.19671136
      objectReference: {fileID: 0}
    - target: {fileID: 12080208, guid: a84cb58ef7faa67488076810242453b9, type: 3}
      propertyPath: m_Positions.Array.data[55].x
      value: 6.930542
      objectReference: {fileID: 0}
    - target: {fileID: 12080208, guid: a84cb58ef7faa67488076810242453b9, type: 3}
      propertyPath: m_Positions.Array.data[55].y
      value: 71.197754
      objectReference: {fileID: 0}
    - target: {fileID: 12080208, guid: a84cb58ef7faa67488076810242453b9, type: 3}
      propertyPath: m_Positions.Array.data[55].z
      value: -0.1862926
      objectReference: {fileID: 0}
    - target: {fileID: 12080208, guid: a84cb58ef7faa67488076810242453b9, type: 3}
      propertyPath: m_Positions.Array.data[56].x
      value: 6.5628214
      objectReference: {fileID: 0}
    - target: {fileID: 12080208, guid: a84cb58ef7faa67488076810242453b9, type: 3}
      propertyPath: m_Positions.Array.data[56].y
      value: 70.1571
      objectReference: {fileID: 0}
    - target: {fileID: 12080208, guid: a84cb58ef7faa67488076810242453b9, type: 3}
      propertyPath: m_Positions.Array.data[56].z
      value: -0.30310798
      objectReference: {fileID: 0}
    - target: {fileID: 12080208, guid: a84cb58ef7faa67488076810242453b9, type: 3}
      propertyPath: m_Positions.Array.data[57].x
      value: 6.4475727
      objectReference: {fileID: 0}
    - target: {fileID: 12080208, guid: a84cb58ef7faa67488076810242453b9, type: 3}
      propertyPath: m_Positions.Array.data[57].y
      value: 69.091866
      objectReference: {fileID: 0}
    - target: {fileID: 12080208, guid: a84cb58ef7faa67488076810242453b9, type: 3}
      propertyPath: m_Positions.Array.data[57].z
      value: -0.03413172
      objectReference: {fileID: 0}
    - target: {fileID: 12080208, guid: a84cb58ef7faa67488076810242453b9, type: 3}
      propertyPath: m_Positions.Array.data[58].x
      value: 6.0036645
      objectReference: {fileID: 0}
    - target: {fileID: 12080208, guid: a84cb58ef7faa67488076810242453b9, type: 3}
      propertyPath: m_Positions.Array.data[58].y
      value: 68.10197
      objectReference: {fileID: 0}
    - target: {fileID: 12080208, guid: a84cb58ef7faa67488076810242453b9, type: 3}
      propertyPath: m_Positions.Array.data[58].z
      value: -0.24247012
      objectReference: {fileID: 0}
    - target: {fileID: 12080208, guid: a84cb58ef7faa67488076810242453b9, type: 3}
      propertyPath: m_Positions.Array.data[59].x
      value: 6.05179
      objectReference: {fileID: 0}
    - target: {fileID: 12080208, guid: a84cb58ef7faa67488076810242453b9, type: 3}
      propertyPath: m_Positions.Array.data[59].y
      value: 67.111404
      objectReference: {fileID: 0}
    - target: {fileID: 12080208, guid: a84cb58ef7faa67488076810242453b9, type: 3}
      propertyPath: m_Positions.Array.data[59].z
      value: 0.2755429
      objectReference: {fileID: 0}
    - target: {fileID: 12080208, guid: a84cb58ef7faa67488076810242453b9, type: 3}
      propertyPath: m_Positions.Array.data[60].x
      value: 5.645063
      objectReference: {fileID: 0}
    - target: {fileID: 12080208, guid: a84cb58ef7faa67488076810242453b9, type: 3}
      propertyPath: m_Positions.Array.data[60].y
      value: 66.06913
      objectReference: {fileID: 0}
    - target: {fileID: 12080208, guid: a84cb58ef7faa67488076810242453b9, type: 3}
      propertyPath: m_Positions.Array.data[60].z
      value: 0.2855996
      objectReference: {fileID: 0}
    - target: {fileID: 12080208, guid: a84cb58ef7faa67488076810242453b9, type: 3}
      propertyPath: m_Positions.Array.data[61].x
      value: 5.5736895
      objectReference: {fileID: 0}
    - target: {fileID: 12080208, guid: a84cb58ef7faa67488076810242453b9, type: 3}
      propertyPath: m_Positions.Array.data[61].y
      value: 65.08116
      objectReference: {fileID: 0}
    - target: {fileID: 12080208, guid: a84cb58ef7faa67488076810242453b9, type: 3}
      propertyPath: m_Positions.Array.data[61].z
      value: -0.3267141
      objectReference: {fileID: 0}
    - target: {fileID: 12080208, guid: a84cb58ef7faa67488076810242453b9, type: 3}
      propertyPath: m_Positions.Array.data[62].x
      value: 5.0865064
      objectReference: {fileID: 0}
    - target: {fileID: 12080208, guid: a84cb58ef7faa67488076810242453b9, type: 3}
      propertyPath: m_Positions.Array.data[62].y
      value: 64.07104
      objectReference: {fileID: 0}
    - target: {fileID: 12080208, guid: a84cb58ef7faa67488076810242453b9, type: 3}
      propertyPath: m_Positions.Array.data[62].z
      value: -0.64041626
      objectReference: {fileID: 0}
    - target: {fileID: 12080208, guid: a84cb58ef7faa67488076810242453b9, type: 3}
      propertyPath: m_Positions.Array.data[63].x
      value: 4.109668
      objectReference: {fileID: 0}
    - target: {fileID: 12080208, guid: a84cb58ef7faa67488076810242453b9, type: 3}
      propertyPath: m_Positions.Array.data[63].y
      value: 63.364502
      objectReference: {fileID: 0}
    - target: {fileID: 12080208, guid: a84cb58ef7faa67488076810242453b9, type: 3}
      propertyPath: m_Positions.Array.data[63].z
      value: -0.76038706
      objectReference: {fileID: 0}
    - target: {fileID: 12080208, guid: a84cb58ef7faa67488076810242453b9, type: 3}
      propertyPath: m_Positions.Array.data[64].x
      value: 3.6027012
      objectReference: {fileID: 0}
    - target: {fileID: 12080208, guid: a84cb58ef7faa67488076810242453b9, type: 3}
      propertyPath: m_Positions.Array.data[64].y
      value: 62.399998
      objectReference: {fileID: 0}
    - target: {fileID: 12080208, guid: a84cb58ef7faa67488076810242453b9, type: 3}
      propertyPath: m_Positions.Array.data[64].z
      value: -0.23075008
      objectReference: {fileID: 0}
    - target: {fileID: 12080208, guid: a84cb58ef7faa67488076810242453b9, type: 3}
      propertyPath: m_Positions.Array.data[65].x
      value: 4.102983
      objectReference: {fileID: 0}
    - target: {fileID: 12080208, guid: a84cb58ef7faa67488076810242453b9, type: 3}
      propertyPath: m_Positions.Array.data[65].y
      value: 61.5189
      objectReference: {fileID: 0}
    - target: {fileID: 12080208, guid: a84cb58ef7faa67488076810242453b9, type: 3}
      propertyPath: m_Positions.Array.data[65].z
      value: -0.9525068
      objectReference: {fileID: 0}
    - target: {fileID: 12080208, guid: a84cb58ef7faa67488076810242453b9, type: 3}
      propertyPath: m_Positions.Array.data[66].x
      value: 4.867185
      objectReference: {fileID: 0}
    - target: {fileID: 12080208, guid: a84cb58ef7faa67488076810242453b9, type: 3}
      propertyPath: m_Positions.Array.data[66].y
      value: 60.537685
      objectReference: {fileID: 0}
    - target: {fileID: 12080208, guid: a84cb58ef7faa67488076810242453b9, type: 3}
      propertyPath: m_Positions.Array.data[66].z
      value: -0.9799969
      objectReference: {fileID: 0}
    - target: {fileID: 12080208, guid: a84cb58ef7faa67488076810242453b9, type: 3}
      propertyPath: m_Positions.Array.data[67].x
      value: 5.355816
      objectReference: {fileID: 0}
    - target: {fileID: 12080208, guid: a84cb58ef7faa67488076810242453b9, type: 3}
      propertyPath: m_Positions.Array.data[67].y
      value: 59.78822
      objectReference: {fileID: 0}
    - target: {fileID: 12080208, guid: a84cb58ef7faa67488076810242453b9, type: 3}
      propertyPath: m_Positions.Array.data[67].z
      value: -1.8238642
      objectReference: {fileID: 0}
    - target: {fileID: 12080208, guid: a84cb58ef7faa67488076810242453b9, type: 3}
      propertyPath: m_Positions.Array.data[68].x
      value: 6.23781
      objectReference: {fileID: 0}
    - target: {fileID: 12080208, guid: a84cb58ef7faa67488076810242453b9, type: 3}
      propertyPath: m_Positions.Array.data[68].y
      value: 58.996696
      objectReference: {fileID: 0}
    - target: {fileID: 12080208, guid: a84cb58ef7faa67488076810242453b9, type: 3}
      propertyPath: m_Positions.Array.data[68].z
      value: -2.1527095
      objectReference: {fileID: 0}
    - target: {fileID: 12080208, guid: a84cb58ef7faa67488076810242453b9, type: 3}
      propertyPath: m_Positions.Array.data[69].x
      value: 6.656583
      objectReference: {fileID: 0}
    - target: {fileID: 12080208, guid: a84cb58ef7faa67488076810242453b9, type: 3}
      propertyPath: m_Positions.Array.data[69].y
      value: 57.90305
      objectReference: {fileID: 0}
    - target: {fileID: 12080208, guid: a84cb58ef7faa67488076810242453b9, type: 3}
      propertyPath: m_Positions.Array.data[69].z
      value: -2.5368977
      objectReference: {fileID: 0}
    - target: {fileID: 12080208, guid: a84cb58ef7faa67488076810242453b9, type: 3}
      propertyPath: m_Positions.Array.data[70].x
      value: 6.4310794
      objectReference: {fileID: 0}
    - target: {fileID: 12080208, guid: a84cb58ef7faa67488076810242453b9, type: 3}
      propertyPath: m_Positions.Array.data[70].y
      value: 56.75066
      objectReference: {fileID: 0}
    - target: {fileID: 12080208, guid: a84cb58ef7faa67488076810242453b9, type: 3}
      propertyPath: m_Positions.Array.data[70].z
      value: -2.9113095
      objectReference: {fileID: 0}
    - target: {fileID: 12080208, guid: a84cb58ef7faa67488076810242453b9, type: 3}
      propertyPath: m_Positions.Array.data[71].x
      value: 6.529705
      objectReference: {fileID: 0}
    - target: {fileID: 12080208, guid: a84cb58ef7faa67488076810242453b9, type: 3}
      propertyPath: m_Positions.Array.data[71].y
      value: 55.57502
      objectReference: {fileID: 0}
    - target: {fileID: 12080208, guid: a84cb58ef7faa67488076810242453b9, type: 3}
      propertyPath: m_Positions.Array.data[71].z
      value: -3.118918
      objectReference: {fileID: 0}
    - target: {fileID: 12080208, guid: a84cb58ef7faa67488076810242453b9, type: 3}
      propertyPath: m_Positions.Array.data[72].x
      value: 6.661955
      objectReference: {fileID: 0}
    - target: {fileID: 12080208, guid: a84cb58ef7faa67488076810242453b9, type: 3}
      propertyPath: m_Positions.Array.data[72].y
      value: 54.38694
      objectReference: {fileID: 0}
    - target: {fileID: 12080208, guid: a84cb58ef7faa67488076810242453b9, type: 3}
      propertyPath: m_Positions.Array.data[72].z
      value: -3.0418015
      objectReference: {fileID: 0}
    - target: {fileID: 12080208, guid: a84cb58ef7faa67488076810242453b9, type: 3}
      propertyPath: m_Positions.Array.data[73].x
      value: 6.880501
      objectReference: {fileID: 0}
    - target: {fileID: 12080208, guid: a84cb58ef7faa67488076810242453b9, type: 3}
      propertyPath: m_Positions.Array.data[73].y
      value: 53.35831
      objectReference: {fileID: 0}
    - target: {fileID: 12080208, guid: a84cb58ef7faa67488076810242453b9, type: 3}
      propertyPath: m_Positions.Array.data[73].z
      value: -3.4676044
      objectReference: {fileID: 0}
    - target: {fileID: 12080208, guid: a84cb58ef7faa67488076810242453b9, type: 3}
      propertyPath: m_Positions.Array.data[74].x
      value: 7.2193055
      objectReference: {fileID: 0}
    - target: {fileID: 12080208, guid: a84cb58ef7faa67488076810242453b9, type: 3}
      propertyPath: m_Positions.Array.data[74].y
      value: 52.37658
      objectReference: {fileID: 0}
    - target: {fileID: 12080208, guid: a84cb58ef7faa67488076810242453b9, type: 3}
      propertyPath: m_Positions.Array.data[74].z
      value: -3.9242985
      objectReference: {fileID: 0}
    - target: {fileID: 12080208, guid: a84cb58ef7faa67488076810242453b9, type: 3}
      propertyPath: m_Positions.Array.data[75].x
      value: 7.7763762
      objectReference: {fileID: 0}
    - target: {fileID: 12080208, guid: a84cb58ef7faa67488076810242453b9, type: 3}
      propertyPath: m_Positions.Array.data[75].y
      value: 51.52116
      objectReference: {fileID: 0}
    - target: {fileID: 12080208, guid: a84cb58ef7faa67488076810242453b9, type: 3}
      propertyPath: m_Positions.Array.data[75].z
      value: -4.4651356
      objectReference: {fileID: 0}
    - target: {fileID: 12080208, guid: a84cb58ef7faa67488076810242453b9, type: 3}
      propertyPath: m_Positions.Array.data[76].x
      value: 7.9312463
      objectReference: {fileID: 0}
    - target: {fileID: 12080208, guid: a84cb58ef7faa67488076810242453b9, type: 3}
      propertyPath: m_Positions.Array.data[76].y
      value: 50.470505
      objectReference: {fileID: 0}
    - target: {fileID: 12080208, guid: a84cb58ef7faa67488076810242453b9, type: 3}
      propertyPath: m_Positions.Array.data[76].z
      value: -4.9197893
      objectReference: {fileID: 0}
    - target: {fileID: 12080208, guid: a84cb58ef7faa67488076810242453b9, type: 3}
      propertyPath: m_Positions.Array.data[77].x
      value: 8.197306
      objectReference: {fileID: 0}
    - target: {fileID: 12080208, guid: a84cb58ef7faa67488076810242453b9, type: 3}
      propertyPath: m_Positions.Array.data[77].y
      value: 49.524998
      objectReference: {fileID: 0}
    - target: {fileID: 12080208, guid: a84cb58ef7faa67488076810242453b9, type: 3}
      propertyPath: m_Positions.Array.data[77].z
      value: -5.6132393
      objectReference: {fileID: 0}
    - target: {fileID: 12080208, guid: a84cb58ef7faa67488076810242453b9, type: 3}
      propertyPath: m_Positions.Array.data[78].x
      value: 8.882671
      objectReference: {fileID: 0}
    - target: {fileID: 12080208, guid: a84cb58ef7faa67488076810242453b9, type: 3}
      propertyPath: m_Positions.Array.data[78].y
      value: 48.6394
      objectReference: {fileID: 0}
    - target: {fileID: 12080208, guid: a84cb58ef7faa67488076810242453b9, type: 3}
      propertyPath: m_Positions.Array.data[78].z
      value: -6.0510035
      objectReference: {fileID: 0}
    - target: {fileID: 12080208, guid: a84cb58ef7faa67488076810242453b9, type: 3}
      propertyPath: m_Positions.Array.data[79].x
      value: 8.620202
      objectReference: {fileID: 0}
    - target: {fileID: 12080208, guid: a84cb58ef7faa67488076810242453b9, type: 3}
      propertyPath: m_Positions.Array.data[79].y
      value: 47.600296
      objectReference: {fileID: 0}
    - target: {fileID: 12080208, guid: a84cb58ef7faa67488076810242453b9, type: 3}
      propertyPath: m_Positions.Array.data[79].z
      value: -6.5500183
      objectReference: {fileID: 0}
    - target: {fileID: 12080208, guid: a84cb58ef7faa67488076810242453b9, type: 3}
      propertyPath: m_Positions.Array.data[80].x
      value: 8.582403
      objectReference: {fileID: 0}
    - target: {fileID: 12080208, guid: a84cb58ef7faa67488076810242453b9, type: 3}
      propertyPath: m_Positions.Array.data[80].y
      value: 46.518955
      objectReference: {fileID: 0}
    - target: {fileID: 12080208, guid: a84cb58ef7faa67488076810242453b9, type: 3}
      propertyPath: m_Positions.Array.data[80].z
      value: -7.026371
      objectReference: {fileID: 0}
    - target: {fileID: 12080208, guid: a84cb58ef7faa67488076810242453b9, type: 3}
      propertyPath: m_Positions.Array.data[81].x
      value: 8.6250515
      objectReference: {fileID: 0}
    - target: {fileID: 12080208, guid: a84cb58ef7faa67488076810242453b9, type: 3}
      propertyPath: m_Positions.Array.data[81].y
      value: 45.352116
      objectReference: {fileID: 0}
    - target: {fileID: 12080208, guid: a84cb58ef7faa67488076810242453b9, type: 3}
      propertyPath: m_Positions.Array.data[81].z
      value: -7.3980427
      objectReference: {fileID: 0}
    - target: {fileID: 12080208, guid: a84cb58ef7faa67488076810242453b9, type: 3}
      propertyPath: m_Positions.Array.data[82].x
      value: 8.191146
      objectReference: {fileID: 0}
    - target: {fileID: 12080208, guid: a84cb58ef7faa67488076810242453b9, type: 3}
      propertyPath: m_Positions.Array.data[82].y
      value: 44.210308
      objectReference: {fileID: 0}
    - target: {fileID: 12080208, guid: a84cb58ef7faa67488076810242453b9, type: 3}
      propertyPath: m_Positions.Array.data[82].z
      value: -7.495406
      objectReference: {fileID: 0}
    - target: {fileID: 12080208, guid: a84cb58ef7faa67488076810242453b9, type: 3}
      propertyPath: m_Positions.Array.data[83].x
      value: 8.816837
      objectReference: {fileID: 0}
    - target: {fileID: 12080208, guid: a84cb58ef7faa67488076810242453b9, type: 3}
      propertyPath: m_Positions.Array.data[83].y
      value: 43.159286
      objectReference: {fileID: 0}
    - target: {fileID: 12080208, guid: a84cb58ef7faa67488076810242453b9, type: 3}
      propertyPath: m_Positions.Array.data[83].z
      value: -7.416958
      objectReference: {fileID: 0}
    - target: {fileID: 12080208, guid: a84cb58ef7faa67488076810242453b9, type: 3}
      propertyPath: m_Positions.Array.data[84].x
      value: 8.943869
      objectReference: {fileID: 0}
    - target: {fileID: 12080208, guid: a84cb58ef7faa67488076810242453b9, type: 3}
      propertyPath: m_Positions.Array.data[84].y
      value: 41.944023
      objectReference: {fileID: 0}
    - target: {fileID: 12080208, guid: a84cb58ef7faa67488076810242453b9, type: 3}
      propertyPath: m_Positions.Array.data[84].z
      value: -7.5132666
      objectReference: {fileID: 0}
    - target: {fileID: 12080208, guid: a84cb58ef7faa67488076810242453b9, type: 3}
      propertyPath: m_Positions.Array.data[85].x
      value: 8.560592
      objectReference: {fileID: 0}
    - target: {fileID: 12080208, guid: a84cb58ef7faa67488076810242453b9, type: 3}
      propertyPath: m_Positions.Array.data[85].y
      value: 40.848713
      objectReference: {fileID: 0}
    - target: {fileID: 12080208, guid: a84cb58ef7faa67488076810242453b9, type: 3}
      propertyPath: m_Positions.Array.data[85].z
      value: -7.6875873
      objectReference: {fileID: 0}
    - target: {fileID: 12080208, guid: a84cb58ef7faa67488076810242453b9, type: 3}
      propertyPath: m_Positions.Array.data[86].x
      value: 8.537604
      objectReference: {fileID: 0}
    - target: {fileID: 12080208, guid: a84cb58ef7faa67488076810242453b9, type: 3}
      propertyPath: m_Positions.Array.data[86].y
      value: 39.675728
      objectReference: {fileID: 0}
    - target: {fileID: 12080208, guid: a84cb58ef7faa67488076810242453b9, type: 3}
      propertyPath: m_Positions.Array.data[86].z
      value: -7.6636186
      objectReference: {fileID: 0}
    - target: {fileID: 12080208, guid: a84cb58ef7faa67488076810242453b9, type: 3}
      propertyPath: m_Positions.Array.data[87].x
      value: 8.474992
      objectReference: {fileID: 0}
    - target: {fileID: 12080208, guid: a84cb58ef7faa67488076810242453b9, type: 3}
      propertyPath: m_Positions.Array.data[87].y
      value: 38.514786
      objectReference: {fileID: 0}
    - target: {fileID: 12080208, guid: a84cb58ef7faa67488076810242453b9, type: 3}
      propertyPath: m_Positions.Array.data[87].z
      value: -7.7265205
      objectReference: {fileID: 0}
    - target: {fileID: 12080208, guid: a84cb58ef7faa67488076810242453b9, type: 3}
      propertyPath: m_Positions.Array.data[88].x
      value: 8.160207
      objectReference: {fileID: 0}
    - target: {fileID: 12080208, guid: a84cb58ef7faa67488076810242453b9, type: 3}
      propertyPath: m_Positions.Array.data[88].y
      value: 37.397682
      objectReference: {fileID: 0}
    - target: {fileID: 12080208, guid: a84cb58ef7faa67488076810242453b9, type: 3}
      propertyPath: m_Positions.Array.data[88].z
      value: -7.6334534
      objectReference: {fileID: 0}
    - target: {fileID: 12080208, guid: a84cb58ef7faa67488076810242453b9, type: 3}
      propertyPath: m_Positions.Array.data[89].x
      value: 7.8929424
      objectReference: {fileID: 0}
    - target: {fileID: 12080208, guid: a84cb58ef7faa67488076810242453b9, type: 3}
      propertyPath: m_Positions.Array.data[89].y
      value: 36.450848
      objectReference: {fileID: 0}
    - target: {fileID: 12080208, guid: a84cb58ef7faa67488076810242453b9, type: 3}
      propertyPath: m_Positions.Array.data[89].z
      value: -8.306398
      objectReference: {fileID: 0}
    - target: {fileID: 12080208, guid: a84cb58ef7faa67488076810242453b9, type: 3}
      propertyPath: m_Positions.Array.data[90].x
      value: 7.727218
      objectReference: {fileID: 0}
    - target: {fileID: 12080208, guid: a84cb58ef7faa67488076810242453b9, type: 3}
      propertyPath: m_Positions.Array.data[90].y
      value: 35.329273
      objectReference: {fileID: 0}
    - target: {fileID: 12080208, guid: a84cb58ef7faa67488076810242453b9, type: 3}
      propertyPath: m_Positions.Array.data[90].z
      value: -8.674349
      objectReference: {fileID: 0}
    - target: {fileID: 12080208, guid: a84cb58ef7faa67488076810242453b9, type: 3}
      propertyPath: m_Positions.Array.data[91].x
      value: 7.2756357
      objectReference: {fileID: 0}
    - target: {fileID: 12080208, guid: a84cb58ef7faa67488076810242453b9, type: 3}
      propertyPath: m_Positions.Array.data[91].y
      value: 34.23302
      objectReference: {fileID: 0}
    - target: {fileID: 12080208, guid: a84cb58ef7faa67488076810242453b9, type: 3}
      propertyPath: m_Positions.Array.data[91].z
      value: -8.665551
      objectReference: {fileID: 0}
    - target: {fileID: 12080208, guid: a84cb58ef7faa67488076810242453b9, type: 3}
      propertyPath: m_Positions.Array.data[92].x
      value: 7.005564
      objectReference: {fileID: 0}
    - target: {fileID: 12080208, guid: a84cb58ef7faa67488076810242453b9, type: 3}
      propertyPath: m_Positions.Array.data[92].y
      value: 33.094086
      objectReference: {fileID: 0}
    - target: {fileID: 12080208, guid: a84cb58ef7faa67488076810242453b9, type: 3}
      propertyPath: m_Positions.Array.data[92].z
      value: -8.854377
      objectReference: {fileID: 0}
    - target: {fileID: 12080208, guid: a84cb58ef7faa67488076810242453b9, type: 3}
      propertyPath: m_Positions.Array.data[93].x
      value: 6.190608
      objectReference: {fileID: 0}
    - target: {fileID: 12080208, guid: a84cb58ef7faa67488076810242453b9, type: 3}
      propertyPath: m_Positions.Array.data[93].y
      value: 32.209183
      objectReference: {fileID: 0}
    - target: {fileID: 12080208, guid: a84cb58ef7faa67488076810242453b9, type: 3}
      propertyPath: m_Positions.Array.data[93].z
      value: -8.575449
      objectReference: {fileID: 0}
    - target: {fileID: 12080208, guid: a84cb58ef7faa67488076810242453b9, type: 3}
      propertyPath: m_Positions.Array.data[94].x
      value: 5.642831
      objectReference: {fileID: 0}
    - target: {fileID: 12080208, guid: a84cb58ef7faa67488076810242453b9, type: 3}
      propertyPath: m_Positions.Array.data[94].y
      value: 31.106155
      objectReference: {fileID: 0}
    - target: {fileID: 12080208, guid: a84cb58ef7faa67488076810242453b9, type: 3}
      propertyPath: m_Positions.Array.data[94].z
      value: -8.484432
      objectReference: {fileID: 0}
    - target: {fileID: 12080208, guid: a84cb58ef7faa67488076810242453b9, type: 3}
      propertyPath: m_Positions.Array.data[95].x
      value: 5.3890886
      objectReference: {fileID: 0}
    - target: {fileID: 12080208, guid: a84cb58ef7faa67488076810242453b9, type: 3}
      propertyPath: m_Positions.Array.data[95].y
      value: 29.918327
      objectReference: {fileID: 0}
    - target: {fileID: 12080208, guid: a84cb58ef7faa67488076810242453b9, type: 3}
      propertyPath: m_Positions.Array.data[95].z
      value: -8.855372
      objectReference: {fileID: 0}
    - target: {fileID: 12080208, guid: a84cb58ef7faa67488076810242453b9, type: 3}
      propertyPath: m_Positions.Array.data[96].x
      value: 4.715361
      objectReference: {fileID: 0}
    - target: {fileID: 12080208, guid: a84cb58ef7faa67488076810242453b9, type: 3}
      propertyPath: m_Positions.Array.data[96].y
      value: 29.154129
      objectReference: {fileID: 0}
    - target: {fileID: 12080208, guid: a84cb58ef7faa67488076810242453b9, type: 3}
      propertyPath: m_Positions.Array.data[96].z
      value: -9.613666
      objectReference: {fileID: 0}
    - target: {fileID: 12080208, guid: a84cb58ef7faa67488076810242453b9, type: 3}
      propertyPath: m_Positions.Array.data[97].x
      value: 5.322457
      objectReference: {fileID: 0}
    - target: {fileID: 12080208, guid: a84cb58ef7faa67488076810242453b9, type: 3}
      propertyPath: m_Positions.Array.data[97].y
      value: 28.170027
      objectReference: {fileID: 0}
    - target: {fileID: 12080208, guid: a84cb58ef7faa67488076810242453b9, type: 3}
      propertyPath: m_Positions.Array.data[97].z
      value: -9.20943
      objectReference: {fileID: 0}
    - target: {fileID: 12080208, guid: a84cb58ef7faa67488076810242453b9, type: 3}
      propertyPath: m_Positions.Array.data[98].x
      value: 6.1262245
      objectReference: {fileID: 0}
    - target: {fileID: 12080208, guid: a84cb58ef7faa67488076810242453b9, type: 3}
      propertyPath: m_Positions.Array.data[98].y
      value: 27.293953
      objectReference: {fileID: 0}
    - target: {fileID: 12080208, guid: a84cb58ef7faa67488076810242453b9, type: 3}
      propertyPath: m_Positions.Array.data[98].z
      value: -8.914677
      objectReference: {fileID: 0}
    - target: {fileID: 12080208, guid: a84cb58ef7faa67488076810242453b9, type: 3}
      propertyPath: m_Positions.Array.data[99].x
      value: 6.20781
      objectReference: {fileID: 0}
    - target: {fileID: 12080208, guid: a84cb58ef7faa67488076810242453b9, type: 3}
      propertyPath: m_Positions.Array.data[99].y
      value: 26.085438
      objectReference: {fileID: 0}
    - target: {fileID: 12080208, guid: a84cb58ef7faa67488076810242453b9, type: 3}
      propertyPath: m_Positions.Array.data[99].z
      value: -9.219428
      objectReference: {fileID: 0}
    - target: {fileID: 12080208, guid: a84cb58ef7faa67488076810242453b9, type: 3}
      propertyPath: m_Positions.Array.data[100].x
      value: 6.444719
      objectReference: {fileID: 0}
    - target: {fileID: 12080208, guid: a84cb58ef7faa67488076810242453b9, type: 3}
      propertyPath: m_Positions.Array.data[100].y
      value: 24.879215
      objectReference: {fileID: 0}
    - target: {fileID: 12080208, guid: a84cb58ef7faa67488076810242453b9, type: 3}
      propertyPath: m_Positions.Array.data[100].z
      value: -8.998213
      objectReference: {fileID: 0}
    - target: {fileID: 12080208, guid: a84cb58ef7faa67488076810242453b9, type: 3}
      propertyPath: m_Positions.Array.data[101].x
      value: 6.6520753
      objectReference: {fileID: 0}
    - target: {fileID: 12080208, guid: a84cb58ef7faa67488076810242453b9, type: 3}
      propertyPath: m_Positions.Array.data[101].y
      value: 23.743061
      objectReference: {fileID: 0}
    - target: {fileID: 12080208, guid: a84cb58ef7faa67488076810242453b9, type: 3}
      propertyPath: m_Positions.Array.data[101].z
      value: -9.443147
      objectReference: {fileID: 0}
    - target: {fileID: 12080208, guid: a84cb58ef7faa67488076810242453b9, type: 3}
      propertyPath: m_Positions.Array.data[102].x
      value: 6.4921966
      objectReference: {fileID: 0}
    - target: {fileID: 12080208, guid: a84cb58ef7faa67488076810242453b9, type: 3}
      propertyPath: m_Positions.Array.data[102].y
      value: 22.523674
      objectReference: {fileID: 0}
    - target: {fileID: 12080208, guid: a84cb58ef7faa67488076810242453b9, type: 3}
      propertyPath: m_Positions.Array.data[102].z
      value: -9.304072
      objectReference: {fileID: 0}
    - target: {fileID: 12080208, guid: a84cb58ef7faa67488076810242453b9, type: 3}
      propertyPath: m_Positions.Array.data[103].x
      value: 6.811262
      objectReference: {fileID: 0}
    - target: {fileID: 12080208, guid: a84cb58ef7faa67488076810242453b9, type: 3}
      propertyPath: m_Positions.Array.data[103].y
      value: 21.433693
      objectReference: {fileID: 0}
    - target: {fileID: 12080208, guid: a84cb58ef7faa67488076810242453b9, type: 3}
      propertyPath: m_Positions.Array.data[103].z
      value: -8.912713
      objectReference: {fileID: 0}
    - target: {fileID: 12080208, guid: a84cb58ef7faa67488076810242453b9, type: 3}
      propertyPath: m_Positions.Array.data[104].x
      value: 6.8300066
      objectReference: {fileID: 0}
    - target: {fileID: 12080208, guid: a84cb58ef7faa67488076810242453b9, type: 3}
      propertyPath: m_Positions.Array.data[104].y
      value: 20.252935
      objectReference: {fileID: 0}
    - target: {fileID: 12080208, guid: a84cb58ef7faa67488076810242453b9, type: 3}
      propertyPath: m_Positions.Array.data[104].z
      value: -8.692511
      objectReference: {fileID: 0}
    - target: {fileID: 12080208, guid: a84cb58ef7faa67488076810242453b9, type: 3}
      propertyPath: m_Positions.Array.data[105].x
      value: 7.623396
      objectReference: {fileID: 0}
    - target: {fileID: 12080208, guid: a84cb58ef7faa67488076810242453b9, type: 3}
      propertyPath: m_Positions.Array.data[105].y
      value: 19.355495
      objectReference: {fileID: 0}
    - target: {fileID: 12080208, guid: a84cb58ef7faa67488076810242453b9, type: 3}
      propertyPath: m_Positions.Array.data[105].z
      value: -8.513755
      objectReference: {fileID: 0}
    - target: {fileID: 12080208, guid: a84cb58ef7faa67488076810242453b9, type: 3}
      propertyPath: m_Positions.Array.data[106].x
      value: 8.417173
      objectReference: {fileID: 0}
    - target: {fileID: 12080208, guid: a84cb58ef7faa67488076810242453b9, type: 3}
      propertyPath: m_Positions.Array.data[106].y
      value: 18.440823
      objectReference: {fileID: 0}
    - target: {fileID: 12080208, guid: a84cb58ef7faa67488076810242453b9, type: 3}
      propertyPath: m_Positions.Array.data[106].z
      value: -8.503298
      objectReference: {fileID: 0}
    - target: {fileID: 12080208, guid: a84cb58ef7faa67488076810242453b9, type: 3}
      propertyPath: m_Positions.Array.data[107].x
      value: 8.352969
      objectReference: {fileID: 0}
    - target: {fileID: 12080208, guid: a84cb58ef7faa67488076810242453b9, type: 3}
      propertyPath: m_Positions.Array.data[107].y
      value: 17.195711
      objectReference: {fileID: 0}
    - target: {fileID: 12080208, guid: a84cb58ef7faa67488076810242453b9, type: 3}
      propertyPath: m_Positions.Array.data[107].z
      value: -8.75365
      objectReference: {fileID: 0}
    - target: {fileID: 12080208, guid: a84cb58ef7faa67488076810242453b9, type: 3}
      propertyPath: m_Positions.Array.data[108].x
      value: 8.730134
      objectReference: {fileID: 0}
    - target: {fileID: 12080208, guid: a84cb58ef7faa67488076810242453b9, type: 3}
      propertyPath: m_Positions.Array.data[108].y
      value: 16.049627
      objectReference: {fileID: 0}
    - target: {fileID: 12080208, guid: a84cb58ef7faa67488076810242453b9, type: 3}
      propertyPath: m_Positions.Array.data[108].z
      value: -8.35198
      objectReference: {fileID: 0}
    - target: {fileID: 12080208, guid: a84cb58ef7faa67488076810242453b9, type: 3}
      propertyPath: m_Positions.Array.data[109].x
      value: 8.796086
      objectReference: {fileID: 0}
    - target: {fileID: 12080208, guid: a84cb58ef7faa67488076810242453b9, type: 3}
      propertyPath: m_Positions.Array.data[109].y
      value: 14.922532
      objectReference: {fileID: 0}
    - target: {fileID: 12080208, guid: a84cb58ef7faa67488076810242453b9, type: 3}
      propertyPath: m_Positions.Array.data[109].z
      value: -8.775425
      objectReference: {fileID: 0}
    - target: {fileID: 12080208, guid: a84cb58ef7faa67488076810242453b9, type: 3}
      propertyPath: m_Positions.Array.data[110].x
      value: 9.347711
      objectReference: {fileID: 0}
    - target: {fileID: 12080208, guid: a84cb58ef7faa67488076810242453b9, type: 3}
      propertyPath: m_Positions.Array.data[110].y
      value: 13.850965
      objectReference: {fileID: 0}
    - target: {fileID: 12080208, guid: a84cb58ef7faa67488076810242453b9, type: 3}
      propertyPath: m_Positions.Array.data[110].z
      value: -8.813572
      objectReference: {fileID: 0}
    - target: {fileID: 12080208, guid: a84cb58ef7faa67488076810242453b9, type: 3}
      propertyPath: m_Positions.Array.data[111].x
      value: 9.77157
      objectReference: {fileID: 0}
    - target: {fileID: 12080208, guid: a84cb58ef7faa67488076810242453b9, type: 3}
      propertyPath: m_Positions.Array.data[111].y
      value: 12.733042
      objectReference: {fileID: 0}
    - target: {fileID: 12080208, guid: a84cb58ef7faa67488076810242453b9, type: 3}
      propertyPath: m_Positions.Array.data[111].z
      value: -8.607029
      objectReference: {fileID: 0}
    - target: {fileID: 12080208, guid: a84cb58ef7faa67488076810242453b9, type: 3}
      propertyPath: m_Positions.Array.data[112].x
      value: 10.439445
      objectReference: {fileID: 0}
    - target: {fileID: 12080208, guid: a84cb58ef7faa67488076810242453b9, type: 3}
      propertyPath: m_Positions.Array.data[112].y
      value: 11.801556
      objectReference: {fileID: 0}
    - target: {fileID: 12080208, guid: a84cb58ef7faa67488076810242453b9, type: 3}
      propertyPath: m_Positions.Array.data[112].z
      value: -9.004955
      objectReference: {fileID: 0}
    - target: {fileID: 12080208, guid: a84cb58ef7faa67488076810242453b9, type: 3}
      propertyPath: m_Positions.Array.data[113].x
      value: 10.701038
      objectReference: {fileID: 0}
    - target: {fileID: 12080208, guid: a84cb58ef7faa67488076810242453b9, type: 3}
      propertyPath: m_Positions.Array.data[113].y
      value: 10.647462
      objectReference: {fileID: 0}
    - target: {fileID: 12080208, guid: a84cb58ef7faa67488076810242453b9, type: 3}
      propertyPath: m_Positions.Array.data[113].z
      value: -8.620639
      objectReference: {fileID: 0}
    - target: {fileID: 12080208, guid: a84cb58ef7faa67488076810242453b9, type: 3}
      propertyPath: m_Positions.Array.data[114].x
      value: 11.582795
      objectReference: {fileID: 0}
    - target: {fileID: 12080208, guid: a84cb58ef7faa67488076810242453b9, type: 3}
      propertyPath: m_Positions.Array.data[114].y
      value: 9.858426
      objectReference: {fileID: 0}
    - target: {fileID: 12080208, guid: a84cb58ef7faa67488076810242453b9, type: 3}
      propertyPath: m_Positions.Array.data[114].z
      value: -8.235948
      objectReference: {fileID: 0}
    - target: {fileID: 12080208, guid: a84cb58ef7faa67488076810242453b9, type: 3}
      propertyPath: m_Positions.Array.data[115].x
      value: 12.24901
      objectReference: {fileID: 0}
    - target: {fileID: 12080208, guid: a84cb58ef7faa67488076810242453b9, type: 3}
      propertyPath: m_Positions.Array.data[115].y
      value: 9.198191
      objectReference: {fileID: 0}
    - target: {fileID: 12080208, guid: a84cb58ef7faa67488076810242453b9, type: 3}
      propertyPath: m_Positions.Array.data[115].z
      value: -7.477289
      objectReference: {fileID: 0}
    - target: {fileID: 12080208, guid: a84cb58ef7faa67488076810242453b9, type: 3}
      propertyPath: m_Positions.Array.data[116].x
      value: 12.674496
      objectReference: {fileID: 0}
    - target: {fileID: 12080208, guid: a84cb58ef7faa67488076810242453b9, type: 3}
      propertyPath: m_Positions.Array.data[116].y
      value: 8.696531
      objectReference: {fileID: 0}
    - target: {fileID: 12080208, guid: a84cb58ef7faa67488076810242453b9, type: 3}
      propertyPath: m_Positions.Array.data[116].z
      value: -6.4660435
      objectReference: {fileID: 0}
    - target: {fileID: 12080208, guid: a84cb58ef7faa67488076810242453b9, type: 3}
      propertyPath: m_Positions.Array.data[117].x
      value: 13.090171
      objectReference: {fileID: 0}
    - target: {fileID: 12080208, guid: a84cb58ef7faa67488076810242453b9, type: 3}
      propertyPath: m_Positions.Array.data[117].y
      value: 7.621061
      objectReference: {fileID: 0}
    - target: {fileID: 12080208, guid: a84cb58ef7faa67488076810242453b9, type: 3}
      propertyPath: m_Positions.Array.data[117].z
      value: -6.0663977
      objectReference: {fileID: 0}
    - target: {fileID: 12080208, guid: a84cb58ef7faa67488076810242453b9, type: 3}
      propertyPath: m_Positions.Array.data[118].x
      value: 13.439031
      objectReference: {fileID: 0}
    - target: {fileID: 12080208, guid: a84cb58ef7faa67488076810242453b9, type: 3}
      propertyPath: m_Positions.Array.data[118].y
      value: 6.4745865
      objectReference: {fileID: 0}
    - target: {fileID: 12080208, guid: a84cb58ef7faa67488076810242453b9, type: 3}
      propertyPath: m_Positions.Array.data[118].z
      value: -5.83611
      objectReference: {fileID: 0}
    - target: {fileID: 12080208, guid: a84cb58ef7faa67488076810242453b9, type: 3}
      propertyPath: m_Positions.Array.data[119].x
      value: 13.982078
      objectReference: {fileID: 0}
    - target: {fileID: 12080208, guid: a84cb58ef7faa67488076810242453b9, type: 3}
      propertyPath: m_Positions.Array.data[119].y
      value: 5.8671546
      objectReference: {fileID: 0}
    - target: {fileID: 12080208, guid: a84cb58ef7faa67488076810242453b9, type: 3}
      propertyPath: m_Positions.Array.data[119].z
      value: -4.930029
      objectReference: {fileID: 0}
    - target: {fileID: 12080208, guid: a84cb58ef7faa67488076810242453b9, type: 3}
      propertyPath: m_Positions.Array.data[120].x
      value: 14.650534
      objectReference: {fileID: 0}
    - target: {fileID: 12080208, guid: a84cb58ef7faa67488076810242453b9, type: 3}
      propertyPath: m_Positions.Array.data[120].y
      value: 5.3094487
      objectReference: {fileID: 0}
    - target: {fileID: 12080208, guid: a84cb58ef7faa67488076810242453b9, type: 3}
      propertyPath: m_Positions.Array.data[120].z
      value: -4.0773945
      objectReference: {fileID: 0}
    - target: {fileID: 12080208, guid: a84cb58ef7faa67488076810242453b9, type: 3}
      propertyPath: m_Positions.Array.data[121].x
      value: 15.15473
      objectReference: {fileID: 0}
    - target: {fileID: 12080208, guid: a84cb58ef7faa67488076810242453b9, type: 3}
      propertyPath: m_Positions.Array.data[121].y
      value: 4.5212264
      objectReference: {fileID: 0}
    - target: {fileID: 12080208, guid: a84cb58ef7faa67488076810242453b9, type: 3}
      propertyPath: m_Positions.Array.data[121].z
      value: -3.354428
      objectReference: {fileID: 0}
    - target: {fileID: 12080208, guid: a84cb58ef7faa67488076810242453b9, type: 3}
      propertyPath: m_Positions.Array.data[122].x
      value: 15.431626
      objectReference: {fileID: 0}
    - target: {fileID: 12080208, guid: a84cb58ef7faa67488076810242453b9, type: 3}
      propertyPath: m_Positions.Array.data[122].y
      value: 3.5543919
      objectReference: {fileID: 0}
    - target: {fileID: 12080208, guid: a84cb58ef7faa67488076810242453b9, type: 3}
      propertyPath: m_Positions.Array.data[122].z
      value: -2.732538
      objectReference: {fileID: 0}
    - target: {fileID: 12080208, guid: a84cb58ef7faa67488076810242453b9, type: 3}
      propertyPath: m_Positions.Array.data[123].x
      value: 15.969022
      objectReference: {fileID: 0}
    - target: {fileID: 12080208, guid: a84cb58ef7faa67488076810242453b9, type: 3}
      propertyPath: m_Positions.Array.data[123].y
      value: 3.0395987
      objectReference: {fileID: 0}
    - target: {fileID: 12080208, guid: a84cb58ef7faa67488076810242453b9, type: 3}
      propertyPath: m_Positions.Array.data[123].z
      value: -1.8209915
      objectReference: {fileID: 0}
    - target: {fileID: 12080208, guid: a84cb58ef7faa67488076810242453b9, type: 3}
      propertyPath: m_Positions.Array.data[124].x
      value: 16.53364
      objectReference: {fileID: 0}
    - target: {fileID: 12080208, guid: a84cb58ef7faa67488076810242453b9, type: 3}
      propertyPath: m_Positions.Array.data[124].y
      value: 2.371121
      objectReference: {fileID: 0}
    - target: {fileID: 12080208, guid: a84cb58ef7faa67488076810242453b9, type: 3}
      propertyPath: m_Positions.Array.data[124].z
      value: -1.0341841
      objectReference: {fileID: 0}
    - target: {fileID: 12080208, guid: a84cb58ef7faa67488076810242453b9, type: 3}
      propertyPath: m_Positions.Array.data[125].x
      value: 17.308357
      objectReference: {fileID: 0}
    - target: {fileID: 12080208, guid: a84cb58ef7faa67488076810242453b9, type: 3}
      propertyPath: m_Positions.Array.data[125].y
      value: 1.9990296
      objectReference: {fileID: 0}
    - target: {fileID: 12080208, guid: a84cb58ef7faa67488076810242453b9, type: 3}
      propertyPath: m_Positions.Array.data[125].z
      value: -0.18415913
      objectReference: {fileID: 0}
    - target: {fileID: 12080208, guid: a84cb58ef7faa67488076810242453b9, type: 3}
      propertyPath: m_Positions.Array.data[126].x
      value: 17.73245
      objectReference: {fileID: 0}
    - target: {fileID: 12080208, guid: a84cb58ef7faa67488076810242453b9, type: 3}
      propertyPath: m_Positions.Array.data[126].y
      value: 1.2034898
      objectReference: {fileID: 0}
    - target: {fileID: 12080208, guid: a84cb58ef7faa67488076810242453b9, type: 3}
      propertyPath: m_Positions.Array.data[126].z
      value: 0.62110066
      objectReference: {fileID: 0}
    - target: {fileID: 12080208, guid: a84cb58ef7faa67488076810242453b9, type: 3}
      propertyPath: m_Positions.Array.data[127].x
      value: 18.68519
      objectReference: {fileID: 0}
    - target: {fileID: 12080208, guid: a84cb58ef7faa67488076810242453b9, type: 3}
      propertyPath: m_Positions.Array.data[127].y
      value: 0.66813004
      objectReference: {fileID: 0}
    - target: {fileID: 12080208, guid: a84cb58ef7faa67488076810242453b9, type: 3}
      propertyPath: m_Positions.Array.data[127].z
      value: 1.072826
      objectReference: {fileID: 0}
    - target: {fileID: 12080208, guid: a84cb58ef7faa67488076810242453b9, type: 3}
      propertyPath: m_Positions.Array.data[128].x
      value: 19.48409
      objectReference: {fileID: 0}
    - target: {fileID: 12080208, guid: a84cb58ef7faa67488076810242453b9, type: 3}
      propertyPath: m_Positions.Array.data[128].z
      value: 1.6329516
      objectReference: {fileID: 0}
    - target: {fileID: 12080208, guid: a84cb58ef7faa67488076810242453b9, type: 3}
      propertyPath: m_Parameters.widthCurve.m_Curve.Array.data[0].time
      value: 0.0016746521
      objectReference: {fileID: 0}
    - target: {fileID: 12080208, guid: a84cb58ef7faa67488076810242453b9, type: 3}
      propertyPath: m_Parameters.widthCurve.m_Curve.Array.data[0].value
      value: 0.6151085
      objectReference: {fileID: 0}
    - target: {fileID: 12080208, guid: a84cb58ef7faa67488076810242453b9, type: 3}
      propertyPath: m_Parameters.widthCurve.m_Curve.Array.data[1].value
      value: 0.37410164
      objectReference: {fileID: 0}
    m_RemovedComponents: []
  m_SourcePrefab: {fileID: 100100000, guid: a84cb58ef7faa67488076810242453b9, type: 3}
--- !u!4 &325524855923755154 stripped
Transform:
  m_CorrespondingSourceObject: {fileID: 430986, guid: a84cb58ef7faa67488076810242453b9,
    type: 3}
  m_PrefabInstance: {fileID: 325524855923661592}
  m_PrefabAsset: {fileID: 0}
--- !u!4 &325524855923748070 stripped
Transform:
  m_CorrespondingSourceObject: {fileID: 456702, guid: a84cb58ef7faa67488076810242453b9,
    type: 3}
  m_PrefabInstance: {fileID: 325524855923661592}
  m_PrefabAsset: {fileID: 0}
--- !u!4 &325524855923768582 stripped
Transform:
  m_CorrespondingSourceObject: {fileID: 435742, guid: a84cb58ef7faa67488076810242453b9,
    type: 3}
  m_PrefabInstance: {fileID: 325524855923661592}
  m_PrefabAsset: {fileID: 0}
