%YAML 1.1
%TAG !u! tag:unity3d.com,2011:
--- !u!1 &105175466323864459
GameObject:
  m_ObjectHideFlags: 0
  m_CorrespondingSourceObject: {fileID: 0}
  m_PrefabInstance: {fileID: 0}
  m_PrefabAsset: {fileID: 0}
  serializedVersion: 6
  m_Component:
  - component: {fileID: 3114926443706640170}
  - component: {fileID: 9117357602253110662}
  - component: {fileID: 885767389989103019}
  m_Layer: 0
  m_Name: BuyPoint
  m_TagString: Untagged
  m_Icon: {fileID: 0}
  m_NavMeshLayer: 0
  m_StaticEditorFlags: 0
  m_IsActive: 1
--- !u!4 &3114926443706640170
Transform:
  m_ObjectHideFlags: 0
  m_CorrespondingSourceObject: {fileID: 0}
  m_PrefabInstance: {fileID: 0}
  m_PrefabAsset: {fileID: 0}
  m_GameObject: {fileID: 105175466323864459}
  m_LocalRotation: {x: 0, y: 0, z: 0, w: 1}
  m_LocalPosition: {x: 0, y: 1.124, z: -0.223}
  m_LocalScale: {x: 1, y: 0.90883183, z: 0.20543839}
  m_Children: []
  m_Father: {fileID: 3181948042725316709}
  m_RootOrder: 0
  m_LocalEulerAnglesHint: {x: 0, y: 0, z: 0}
--- !u!65 &9117357602253110662
BoxCollider:
  m_ObjectHideFlags: 0
  m_CorrespondingSourceObject: {fileID: 0}
  m_PrefabInstance: {fileID: 0}
  m_PrefabAsset: {fileID: 0}
  m_GameObject: {fileID: 105175466323864459}
  m_Material: {fileID: 0}
  m_IsTrigger: 1
  m_Enabled: 1
  serializedVersion: 2
  m_Size: {x: 1.0000005, y: 1, z: 1.0000005}
  m_Center: {x: 0.0000009536748, y: 0, z: 0.0000009536748}
--- !u!114 &885767389989103019
MonoBehaviour:
  m_ObjectHideFlags: 0
  m_CorrespondingSourceObject: {fileID: 0}
  m_PrefabInstance: {fileID: 0}
  m_PrefabAsset: {fileID: 0}
  m_GameObject: {fileID: 105175466323864459}
  m_Enabled: 1
  m_EditorHideFlags: 0
  m_Script: {fileID: 11500000, guid: ff412bc5692e0224e8f0e6696be8fc6d, type: 3}
  m_Name: 
  m_EditorClassIdentifier: 
  name: controller
  id: 0
  meshes: []
  rb: {fileID: 0}
  coll: {fileID: 9117357602253110662}
  altColl: {fileID: 0}
  flash: {fileID: 0}
  doorMovement: {fileID: 0}
  secondaryDoorMovement: {fileID: 0}
  thirdDoorMovement: {fileID: 0}
  lightController: {fileID: 0}
  steam: {fileID: 0}
  computer: {fileID: 0}
  securitySystem: {fileID: 0}
  fileSystem: {fileID: 0}
  pages: []
  particleSystem: {fileID: 0}
  lockParentOverride: {fileID: 0}
  lockedInTransformOffset: {x: 0, y: 0, z: 0}
  enableSwitchSync: 0
  switchSyncObjects: []
  isVisible: 1
  isCarriedByPlayer: 0
  carryProgress: 0
  physicsOn: 0
  minimumPhysicsTime: 0
  damageEligable: 0
  wasTrigger: 0
  lookAtTarget: {fileID: 0}
  interactionWindow: {fileID: 0}
  isDoor: {fileID: 0}
  isActor: {fileID: 0}
  belongsTo: {fileID: 0}
  isPhone: 0
  phoneReciever: {fileID: 0}
  particleSystemDistance: 20
  debugInteractable: []
  debugAngle: 0
  debugFurnitureAnchorNodePos: {x: 0, y: 0, z: 0}
  debugLocalPos: {x: 0, y: 0, z: 0}
  debugLocalEuler: {x: 0, y: 0, z: 0}
  debugWorldPos: {x: 0, y: 0, z: 0}
  debugInteractablePredictedWorldPos: {x: 0, y: 0, z: 0}
  debugNodeCoord: {x: 0, y: 0, z: 0}
  debugUsagePoint:
    useSetting:
      usageOffset: {x: 0, y: 0, z: 0.35}
      facingOffset: {x: 0, y: 0, z: 0}
      useNodeFloorPosition: 1
      useDoorBehaviour: 0
      useSittingOffset: 0
      useArmsStandingOffset: 0
    useageWorldPosition: {x: 0, y: 0, z: 0}
    worldLookAtPoint: {x: 0, y: 0, z: 0}
    debugDefaultSlot: {fileID: 0}
    debugSlot1: {fileID: 0}
    debugSlot2: {fileID: 0}
    slotLog: []
  debugOwnedBy: {fileID: 0}
  debugWrittenBy: {fileID: 0}
  debugReceivedBy: {fileID: 0}
  debugFurnitureOwnedBy: []
  debugSwitchState: 0
  debugState1: 0
  debugRoom: {fileID: 0}
  debugVent:
    ventID: 0
    ventType: 0
    room: {fileID: 0}
    group: {fileID: 0}
    mapButton: {fileID: 0}
    discovered: 0
    removed: 0
    spawned: {fileID: 0}
    debugNode: {x: 0, y: 0, z: 0}
    debugRoomNode: {x: 0, y: 0, z: 0}
  willBeSavedWithCity: 0
  willBeSavedWithState: 0
  isMainLight: 0
--- !u!1 &2838213681439048415
GameObject:
  m_ObjectHideFlags: 0
  m_CorrespondingSourceObject: {fileID: 0}
  m_PrefabInstance: {fileID: 0}
  m_PrefabAsset: {fileID: 0}
  serializedVersion: 6
  m_Component:
  - component: {fileID: 3181948042725316709}
  - component: {fileID: 1983650332083443648}
  - component: {fileID: 4351497855005598474}
  - component: {fileID: 308180259051932038}
  m_Layer: 0
  m_Name: MagazineStand
  m_TagString: Untagged
  m_Icon: {fileID: 0}
  m_NavMeshLayer: 0
  m_StaticEditorFlags: 0
  m_IsActive: 1
--- !u!4 &3181948042725316709
Transform:
  m_ObjectHideFlags: 0
  m_CorrespondingSourceObject: {fileID: 0}
  m_PrefabInstance: {fileID: 0}
  m_PrefabAsset: {fileID: 0}
  m_GameObject: {fileID: 2838213681439048415}
  m_LocalRotation: {x: -0, y: -0.7071068, z: -0, w: 0.7071068}
  m_LocalPosition: {x: 7.7060013, y: -0.010000477, z: 3.7565224}
  m_LocalScale: {x: 1, y: 1, z: 1}
  m_Children:
  - {fileID: 3114926443706640170}
  - {fileID: 2490464861921413512}
  m_Father: {fileID: 0}
  m_RootOrder: 0
  m_LocalEulerAnglesHint: {x: 0, y: -90, z: 0}
--- !u!33 &1983650332083443648
MeshFilter:
  m_ObjectHideFlags: 0
  m_CorrespondingSourceObject: {fileID: 0}
  m_PrefabInstance: {fileID: 0}
  m_PrefabAsset: {fileID: 0}
  m_GameObject: {fileID: 2838213681439048415}
  m_Mesh: {fileID: -5189206354212815504, guid: 1abe0054b233f764cac57fe4f3225f19, type: 3}
--- !u!23 &4351497855005598474
MeshRenderer:
  m_ObjectHideFlags: 0
  m_CorrespondingSourceObject: {fileID: 0}
  m_PrefabInstance: {fileID: 0}
  m_PrefabAsset: {fileID: 0}
  m_GameObject: {fileID: 2838213681439048415}
  m_Enabled: 1
  m_CastShadows: 1
  m_ReceiveShadows: 1
  m_DynamicOccludee: 1
  m_StaticShadowCaster: 0
  m_MotionVectors: 1
  m_LightProbeUsage: 1
  m_ReflectionProbeUsage: 1
  m_RayTracingMode: 2
  m_RayTraceProcedural: 0
  m_RenderingLayerMask: 257
  m_RendererPriority: 0
  m_Materials:
  - {fileID: 2100000, guid: 8c9178432189ad44197f714a22300861, type: 2}
  m_StaticBatchInfo:
    firstSubMesh: 0
    subMeshCount: 0
  m_StaticBatchRoot: {fileID: 0}
  m_ProbeAnchor: {fileID: 0}
  m_LightProbeVolumeOverride: {fileID: 0}
  m_ScaleInLightmap: 1
  m_ReceiveGI: 1
  m_PreserveUVs: 0
  m_IgnoreNormalsForChartDetection: 0
  m_ImportantGI: 0
  m_StitchLightmapSeams: 1
  m_SelectedEditorRenderState: 3
  m_MinimumChartSize: 4
  m_AutoUVMaxDistance: 0.5
  m_AutoUVMaxAngle: 89
  m_LightmapParameters: {fileID: 0}
  m_SortingLayerID: 0
  m_SortingLayer: 0
  m_SortingOrder: 0
  m_AdditionalVertexStreams: {fileID: 0}
--- !u!64 &308180259051932038
MeshCollider:
  m_ObjectHideFlags: 0
  m_CorrespondingSourceObject: {fileID: 0}
  m_PrefabInstance: {fileID: 0}
  m_PrefabAsset: {fileID: 0}
  m_GameObject: {fileID: 2838213681439048415}
  m_Material: {fileID: 0}
  m_IsTrigger: 0
  m_Enabled: 1
  serializedVersion: 4
  m_Convex: 0
  m_CookingOptions: 30
  m_Mesh: {fileID: -5189206354212815504, guid: 1abe0054b233f764cac57fe4f3225f19, type: 3}
--- !u!1 &8367498457584447707
GameObject:
  m_ObjectHideFlags: 0
  m_CorrespondingSourceObject: {fileID: 0}
  m_PrefabInstance: {fileID: 0}
  m_PrefabAsset: {fileID: 0}
  serializedVersion: 6
  m_Component:
  - component: {fileID: 2490464861921413512}
  m_Layer: 0
  m_Name: Magazines
  m_TagString: Untagged
  m_Icon: {fileID: 0}
  m_NavMeshLayer: 0
  m_StaticEditorFlags: 0
  m_IsActive: 1
--- !u!4 &2490464861921413512
Transform:
  m_ObjectHideFlags: 0
  m_CorrespondingSourceObject: {fileID: 0}
  m_PrefabInstance: {fileID: 0}
  m_PrefabAsset: {fileID: 0}
  m_GameObject: {fileID: 8367498457584447707}
  m_LocalRotation: {x: 0, y: 0, z: 0, w: 1}
  m_LocalPosition: {x: 0, y: 0, z: 0}
  m_LocalScale: {x: 1, y: 1, z: 1}
  m_Children:
  - {fileID: 327876423955901211}
  - {fileID: 8639704962284621318}
  - {fileID: 3096921177572572077}
  - {fileID: 1467912766739930544}
  m_Father: {fileID: 3181948042725316709}
  m_RootOrder: 1
  m_LocalEulerAnglesHint: {x: 0, y: 0, z: 0}
--- !u!1001 &217967888032632048
PrefabInstance:
  m_ObjectHideFlags: 0
  serializedVersion: 2
  m_Modification:
    m_TransformParent: {fileID: 2490464861921413512}
    m_Modifications:
    - target: {fileID: -8679921383154817045, guid: 7c8c1384921804347ba0224c88e6e537,
        type: 3}
      propertyPath: m_RootOrder
      value: 0
      objectReference: {fileID: 0}
    - target: {fileID: -8679921383154817045, guid: 7c8c1384921804347ba0224c88e6e537,
        type: 3}
      propertyPath: m_LocalPosition.x
      value: 0
      objectReference: {fileID: 0}
    - target: {fileID: -8679921383154817045, guid: 7c8c1384921804347ba0224c88e6e537,
        type: 3}
      propertyPath: m_LocalPosition.y
      value: 1.755
      objectReference: {fileID: 0}
    - target: {fileID: -8679921383154817045, guid: 7c8c1384921804347ba0224c88e6e537,
        type: 3}
      propertyPath: m_LocalPosition.z
      value: -0.281
      objectReference: {fileID: 0}
    - target: {fileID: -8679921383154817045, guid: 7c8c1384921804347ba0224c88e6e537,
        type: 3}
      propertyPath: m_LocalRotation.w
      value: 0.92387956
      objectReference: {fileID: 0}
    - target: {fileID: -8679921383154817045, guid: 7c8c1384921804347ba0224c88e6e537,
        type: 3}
      propertyPath: m_LocalRotation.x
      value: -0.38268343
      objectReference: {fileID: 0}
    - target: {fileID: -8679921383154817045, guid: 7c8c1384921804347ba0224c88e6e537,
        type: 3}
      propertyPath: m_LocalRotation.y
      value: 0
      objectReference: {fileID: 0}
    - target: {fileID: -8679921383154817045, guid: 7c8c1384921804347ba0224c88e6e537,
        type: 3}
      propertyPath: m_LocalRotation.z
      value: 0
      objectReference: {fileID: 0}
    - target: {fileID: -8679921383154817045, guid: 7c8c1384921804347ba0224c88e6e537,
        type: 3}
      propertyPath: m_LocalEulerAnglesHint.x
      value: -45
      objectReference: {fileID: 0}
    - target: {fileID: -8679921383154817045, guid: 7c8c1384921804347ba0224c88e6e537,
        type: 3}
      propertyPath: m_LocalEulerAnglesHint.y
      value: 0
      objectReference: {fileID: 0}
    - target: {fileID: -8679921383154817045, guid: 7c8c1384921804347ba0224c88e6e537,
        type: 3}
      propertyPath: m_LocalEulerAnglesHint.z
      value: 0
      objectReference: {fileID: 0}
    - target: {fileID: -7511558181221131132, guid: 7c8c1384921804347ba0224c88e6e537,
        type: 3}
      propertyPath: m_Materials.Array.data[0]
      value: 
      objectReference: {fileID: 2100000, guid: 37b0692d95bc9d3468f742cb090f3163, type: 2}
    - target: {fileID: 919132149155446097, guid: 7c8c1384921804347ba0224c88e6e537,
        type: 3}
      propertyPath: m_Name
      value: MagazineWrackMagazines
      objectReference: {fileID: 0}
    m_RemovedComponents:
    - {fileID: 3451118302482216456, guid: 7c8c1384921804347ba0224c88e6e537, type: 3}
  m_SourcePrefab: {fileID: 100100000, guid: 7c8c1384921804347ba0224c88e6e537, type: 3}
--- !u!4 &327876423955901211 stripped
Transform:
  m_CorrespondingSourceObject: {fileID: -8679921383154817045, guid: 7c8c1384921804347ba0224c88e6e537,
    type: 3}
  m_PrefabInstance: {fileID: 217967888032632048}
  m_PrefabAsset: {fileID: 0}
--- !u!1001 &1429237156961204827
PrefabInstance:
  m_ObjectHideFlags: 0
  serializedVersion: 2
  m_Modification:
    m_TransformParent: {fileID: 2490464861921413512}
    m_Modifications:
    - target: {fileID: -8679921383154817045, guid: e106b6faf1054fe42993929f4e64ad7d,
        type: 3}
      propertyPath: m_RootOrder
      value: 3
      objectReference: {fileID: 0}
    - target: {fileID: -8679921383154817045, guid: e106b6faf1054fe42993929f4e64ad7d,
        type: 3}
      propertyPath: m_LocalPosition.x
      value: 0
      objectReference: {fileID: 0}
    - target: {fileID: -8679921383154817045, guid: e106b6faf1054fe42993929f4e64ad7d,
        type: 3}
      propertyPath: m_LocalPosition.y
      value: 0.284
      objectReference: {fileID: 0}
    - target: {fileID: -8679921383154817045, guid: e106b6faf1054fe42993929f4e64ad7d,
        type: 3}
      propertyPath: m_LocalPosition.z
      value: -0.192
      objectReference: {fileID: 0}
    - target: {fileID: -8679921383154817045, guid: e106b6faf1054fe42993929f4e64ad7d,
        type: 3}
      propertyPath: m_LocalRotation.w
      value: 0.7071068
      objectReference: {fileID: 0}
    - target: {fileID: -8679921383154817045, guid: e106b6faf1054fe42993929f4e64ad7d,
        type: 3}
      propertyPath: m_LocalRotation.x
      value: -0.7071068
      objectReference: {fileID: 0}
    - target: {fileID: -8679921383154817045, guid: e106b6faf1054fe42993929f4e64ad7d,
        type: 3}
      propertyPath: m_LocalRotation.y
      value: 0
      objectReference: {fileID: 0}
    - target: {fileID: -8679921383154817045, guid: e106b6faf1054fe42993929f4e64ad7d,
        type: 3}
      propertyPath: m_LocalRotation.z
      value: 0
      objectReference: {fileID: 0}
    - target: {fileID: -8679921383154817045, guid: e106b6faf1054fe42993929f4e64ad7d,
        type: 3}
      propertyPath: m_LocalEulerAnglesHint.x
      value: -90
      objectReference: {fileID: 0}
    - target: {fileID: -8679921383154817045, guid: e106b6faf1054fe42993929f4e64ad7d,
        type: 3}
      propertyPath: m_LocalEulerAnglesHint.y
      value: 0
      objectReference: {fileID: 0}
    - target: {fileID: -8679921383154817045, guid: e106b6faf1054fe42993929f4e64ad7d,
        type: 3}
      propertyPath: m_LocalEulerAnglesHint.z
      value: 0
      objectReference: {fileID: 0}
    - target: {fileID: -7511558181221131132, guid: e106b6faf1054fe42993929f4e64ad7d,
        type: 3}
      propertyPath: m_Materials.Array.data[0]
      value: 
      objectReference: {fileID: 2100000, guid: ac38ead8e7d897548bc82f2f766d59d9, type: 2}
    - target: {fileID: 919132149155446097, guid: e106b6faf1054fe42993929f4e64ad7d,
        type: 3}
      propertyPath: m_Name
      value: MagazineWrackMagazinesAlt3
      objectReference: {fileID: 0}
    m_RemovedComponents: []
  m_SourcePrefab: {fileID: 100100000, guid: e106b6faf1054fe42993929f4e64ad7d, type: 3}
--- !u!4 &1467912766739930544 stripped
Transform:
  m_CorrespondingSourceObject: {fileID: -8679921383154817045, guid: e106b6faf1054fe42993929f4e64ad7d,
    type: 3}
  m_PrefabInstance: {fileID: 1429237156961204827}
  m_PrefabAsset: {fileID: 0}
--- !u!1001 &3274328148613110854
PrefabInstance:
  m_ObjectHideFlags: 0
  serializedVersion: 2
  m_Modification:
    m_TransformParent: {fileID: 2490464861921413512}
    m_Modifications:
    - target: {fileID: -8679921383154817045, guid: e0ba55e7fc0fe1d48bed6a8aa3bfdb4f,
        type: 3}
      propertyPath: m_RootOrder
      value: 2
      objectReference: {fileID: 0}
    - target: {fileID: -8679921383154817045, guid: e0ba55e7fc0fe1d48bed6a8aa3bfdb4f,
        type: 3}
      propertyPath: m_LocalPosition.x
      value: 0
      objectReference: {fileID: 0}
    - target: {fileID: -8679921383154817045, guid: e0ba55e7fc0fe1d48bed6a8aa3bfdb4f,
        type: 3}
      propertyPath: m_LocalPosition.y
      value: 0.571
      objectReference: {fileID: 0}
    - target: {fileID: -8679921383154817045, guid: e0ba55e7fc0fe1d48bed6a8aa3bfdb4f,
        type: 3}
      propertyPath: m_LocalPosition.z
      value: -0.281
      objectReference: {fileID: 0}
    - target: {fileID: -8679921383154817045, guid: e0ba55e7fc0fe1d48bed6a8aa3bfdb4f,
        type: 3}
      propertyPath: m_LocalRotation.w
      value: 0.92387956
      objectReference: {fileID: 0}
    - target: {fileID: -8679921383154817045, guid: e0ba55e7fc0fe1d48bed6a8aa3bfdb4f,
        type: 3}
      propertyPath: m_LocalRotation.x
      value: -0.38268343
      objectReference: {fileID: 0}
    - target: {fileID: -8679921383154817045, guid: e0ba55e7fc0fe1d48bed6a8aa3bfdb4f,
        type: 3}
      propertyPath: m_LocalRotation.y
      value: 0
      objectReference: {fileID: 0}
    - target: {fileID: -8679921383154817045, guid: e0ba55e7fc0fe1d48bed6a8aa3bfdb4f,
        type: 3}
      propertyPath: m_LocalRotation.z
      value: 0
      objectReference: {fileID: 0}
    - target: {fileID: -8679921383154817045, guid: e0ba55e7fc0fe1d48bed6a8aa3bfdb4f,
        type: 3}
      propertyPath: m_LocalEulerAnglesHint.x
      value: -45
      objectReference: {fileID: 0}
    - target: {fileID: -8679921383154817045, guid: e0ba55e7fc0fe1d48bed6a8aa3bfdb4f,
        type: 3}
      propertyPath: m_LocalEulerAnglesHint.y
      value: 0
      objectReference: {fileID: 0}
    - target: {fileID: -8679921383154817045, guid: e0ba55e7fc0fe1d48bed6a8aa3bfdb4f,
        type: 3}
      propertyPath: m_LocalEulerAnglesHint.z
      value: 0
      objectReference: {fileID: 0}
    - target: {fileID: -7511558181221131132, guid: e0ba55e7fc0fe1d48bed6a8aa3bfdb4f,
        type: 3}
      propertyPath: m_Materials.Array.data[0]
      value: 
      objectReference: {fileID: 2100000, guid: 2939d98467fb7ab40a5078e0bb0a55b9, type: 2}
    - target: {fileID: 919132149155446097, guid: e0ba55e7fc0fe1d48bed6a8aa3bfdb4f,
        type: 3}
      propertyPath: m_Name
      value: MagazineWrackMagazinesAlt2
      objectReference: {fileID: 0}
    m_RemovedComponents: []
  m_SourcePrefab: {fileID: 100100000, guid: e0ba55e7fc0fe1d48bed6a8aa3bfdb4f, type: 3}
--- !u!4 &3096921177572572077 stripped
Transform:
  m_CorrespondingSourceObject: {fileID: -8679921383154817045, guid: e0ba55e7fc0fe1d48bed6a8aa3bfdb4f,
    type: 3}
  m_PrefabInstance: {fileID: 3274328148613110854}
  m_PrefabAsset: {fileID: 0}
--- !u!1001 &8101092401560087021
PrefabInstance:
  m_ObjectHideFlags: 0
  serializedVersion: 2
  m_Modification:
    m_TransformParent: {fileID: 2490464861921413512}
    m_Modifications:
    - target: {fileID: -8679921383154817045, guid: 6fbcebce7046afe48aa0196847c92f79,
        type: 3}
      propertyPath: m_RootOrder
      value: 1
      objectReference: {fileID: 0}
    - target: {fileID: -8679921383154817045, guid: 6fbcebce7046afe48aa0196847c92f79,
        type: 3}
      propertyPath: m_LocalPosition.x
      value: 0
      objectReference: {fileID: 0}
    - target: {fileID: -8679921383154817045, guid: 6fbcebce7046afe48aa0196847c92f79,
        type: 3}
      propertyPath: m_LocalPosition.y
      value: 1.152
      objectReference: {fileID: 0}
    - target: {fileID: -8679921383154817045, guid: 6fbcebce7046afe48aa0196847c92f79,
        type: 3}
      propertyPath: m_LocalPosition.z
      value: -0.281
      objectReference: {fileID: 0}
    - target: {fileID: -8679921383154817045, guid: 6fbcebce7046afe48aa0196847c92f79,
        type: 3}
      propertyPath: m_LocalRotation.w
      value: 0.92387956
      objectReference: {fileID: 0}
    - target: {fileID: -8679921383154817045, guid: 6fbcebce7046afe48aa0196847c92f79,
        type: 3}
      propertyPath: m_LocalRotation.x
      value: -0.38268343
      objectReference: {fileID: 0}
    - target: {fileID: -8679921383154817045, guid: 6fbcebce7046afe48aa0196847c92f79,
        type: 3}
      propertyPath: m_LocalRotation.y
      value: 0
      objectReference: {fileID: 0}
    - target: {fileID: -8679921383154817045, guid: 6fbcebce7046afe48aa0196847c92f79,
        type: 3}
      propertyPath: m_LocalRotation.z
      value: 0
      objectReference: {fileID: 0}
    - target: {fileID: -8679921383154817045, guid: 6fbcebce7046afe48aa0196847c92f79,
        type: 3}
      propertyPath: m_LocalEulerAnglesHint.x
      value: -45
      objectReference: {fileID: 0}
    - target: {fileID: -8679921383154817045, guid: 6fbcebce7046afe48aa0196847c92f79,
        type: 3}
      propertyPath: m_LocalEulerAnglesHint.y
      value: 0
      objectReference: {fileID: 0}
    - target: {fileID: -8679921383154817045, guid: 6fbcebce7046afe48aa0196847c92f79,
        type: 3}
      propertyPath: m_LocalEulerAnglesHint.z
      value: 0
      objectReference: {fileID: 0}
    - target: {fileID: -7511558181221131132, guid: 6fbcebce7046afe48aa0196847c92f79,
        type: 3}
      propertyPath: m_Materials.Array.data[0]
      value: 
      objectReference: {fileID: 2100000, guid: 9960ae5b1316e7748a277d535f671ee8, type: 2}
    - target: {fileID: 919132149155446097, guid: 6fbcebce7046afe48aa0196847c92f79,
        type: 3}
      propertyPath: m_Name
      value: MagazineWrackMagazinesAlt1
      objectReference: {fileID: 0}
    m_RemovedComponents: []
  m_SourcePrefab: {fileID: 100100000, guid: 6fbcebce7046afe48aa0196847c92f79, type: 3}
--- !u!4 &8639704962284621318 stripped
Transform:
  m_CorrespondingSourceObject: {fileID: -8679921383154817045, guid: 6fbcebce7046afe48aa0196847c92f79,
    type: 3}
  m_PrefabInstance: {fileID: 8101092401560087021}
  m_PrefabAsset: {fileID: 0}
