%YAML 1.1
%TAG !u! tag:unity3d.com,2011:
--- !u!1 &45322905767602169
GameObject:
  m_ObjectHideFlags: 0
  m_CorrespondingSourceObject: {fileID: 0}
  m_PrefabInstance: {fileID: 0}
  m_PrefabAsset: {fileID: 0}
  serializedVersion: 6
  m_Component:
  - component: {fileID: 3363782300043549173}
  - component: {fileID: 1106077305206765007}
  - component: {fileID: 4394748803125503643}
  m_Layer: 0
  m_Name: 000_static_MarketDeskRight
  m_TagString: Untagged
  m_Icon: {fileID: 0}
  m_NavMeshLayer: 0
  m_StaticEditorFlags: 0
  m_IsActive: 1
--- !u!4 &3363782300043549173
Transform:
  m_ObjectHideFlags: 0
  m_CorrespondingSourceObject: {fileID: 0}
  m_PrefabInstance: {fileID: 0}
  m_PrefabAsset: {fileID: 0}
  m_GameObject: {fileID: 45322905767602169}
  m_LocalRotation: {x: -0, y: -0, z: -0, w: 1}
  m_LocalPosition: {x: 0, y: 0, z: 0}
  m_LocalScale: {x: 1, y: 1, z: 1}
  m_Children: []
  m_Father: {fileID: 5032559688907371228}
  m_RootOrder: 0
  m_LocalEulerAnglesHint: {x: 0, y: 0, z: 0}
--- !u!33 &1106077305206765007
MeshFilter:
  m_ObjectHideFlags: 0
  m_CorrespondingSourceObject: {fileID: 0}
  m_PrefabInstance: {fileID: 0}
  m_PrefabAsset: {fileID: 0}
  m_GameObject: {fileID: 45322905767602169}
  m_Mesh: {fileID: 4300000, guid: a5e53755260702d43a7b93db8f98f078, type: 2}
--- !u!23 &4394748803125503643
MeshRenderer:
  m_ObjectHideFlags: 0
  m_CorrespondingSourceObject: {fileID: 0}
  m_PrefabInstance: {fileID: 0}
  m_PrefabAsset: {fileID: 0}
  m_GameObject: {fileID: 45322905767602169}
  m_Enabled: 1
  m_CastShadows: 1
  m_ReceiveShadows: 1
  m_DynamicOccludee: 1
  m_StaticShadowCaster: 0
  m_MotionVectors: 1
  m_LightProbeUsage: 1
  m_ReflectionProbeUsage: 1
  m_RayTracingMode: 2
  m_RayTraceProcedural: 0
  m_RenderingLayerMask: 257
  m_RendererPriority: 0
  m_Materials:
  - {fileID: 2100000, guid: e4b3ce7d8acab5442b01c68d62c2fded, type: 2}
  m_StaticBatchInfo:
    firstSubMesh: 0
    subMeshCount: 0
  m_StaticBatchRoot: {fileID: 0}
  m_ProbeAnchor: {fileID: 0}
  m_LightProbeVolumeOverride: {fileID: 0}
  m_ScaleInLightmap: 1
  m_ReceiveGI: 1
  m_PreserveUVs: 0
  m_IgnoreNormalsForChartDetection: 0
  m_ImportantGI: 0
  m_StitchLightmapSeams: 1
  m_SelectedEditorRenderState: 3
  m_MinimumChartSize: 4
  m_AutoUVMaxDistance: 0.5
  m_AutoUVMaxAngle: 89
  m_LightmapParameters: {fileID: 0}
  m_SortingLayerID: 0
  m_SortingLayer: 0
  m_SortingOrder: 0
  m_AdditionalVertexStreams: {fileID: 0}
--- !u!1 &593113468977375084
GameObject:
  m_ObjectHideFlags: 0
  m_CorrespondingSourceObject: {fileID: 0}
  m_PrefabInstance: {fileID: 0}
  m_PrefabAsset: {fileID: 0}
  serializedVersion: 6
  m_Component:
  - component: {fileID: 4231701915967542756}
  m_Layer: 0
  m_Name: Level03
  m_TagString: Untagged
  m_Icon: {fileID: 0}
  m_NavMeshLayer: 0
  m_StaticEditorFlags: 0
  m_IsActive: 1
--- !u!4 &4231701915967542756
Transform:
  m_ObjectHideFlags: 0
  m_CorrespondingSourceObject: {fileID: 0}
  m_PrefabInstance: {fileID: 0}
  m_PrefabAsset: {fileID: 0}
  m_GameObject: {fileID: 593113468977375084}
  m_LocalRotation: {x: 0, y: 0, z: 0, w: 1}
  m_LocalPosition: {x: 0, y: 0, z: 0}
  m_LocalScale: {x: 1, y: 1, z: 1}
  m_Children:
  - {fileID: 8473632914265126303}
  - {fileID: 2196155573027140651}
  m_Father: {fileID: 8338338541571391601}
  m_RootOrder: 1
  m_LocalEulerAnglesHint: {x: 0, y: 0, z: 0}
--- !u!1 &699148800047655036
GameObject:
  m_ObjectHideFlags: 0
  m_CorrespondingSourceObject: {fileID: 0}
  m_PrefabInstance: {fileID: 0}
  m_PrefabAsset: {fileID: 0}
  serializedVersion: 6
  m_Component:
  - component: {fileID: 8473632914265126303}
  - component: {fileID: 1545015238025190710}
  - component: {fileID: 7314306379691301764}
  m_Layer: 0
  m_Name: 000_static_MarketDeskRight
  m_TagString: Untagged
  m_Icon: {fileID: 0}
  m_NavMeshLayer: 0
  m_StaticEditorFlags: 0
  m_IsActive: 1
--- !u!4 &8473632914265126303
Transform:
  m_ObjectHideFlags: 0
  m_CorrespondingSourceObject: {fileID: 0}
  m_PrefabInstance: {fileID: 0}
  m_PrefabAsset: {fileID: 0}
  m_GameObject: {fileID: 699148800047655036}
  m_LocalRotation: {x: -0, y: -0, z: -0, w: 1}
  m_LocalPosition: {x: 0, y: 0, z: 0}
  m_LocalScale: {x: 1, y: 1, z: 1}
  m_Children: []
  m_Father: {fileID: 4231701915967542756}
  m_RootOrder: 0
  m_LocalEulerAnglesHint: {x: 0, y: 0, z: 0}
--- !u!33 &1545015238025190710
MeshFilter:
  m_ObjectHideFlags: 0
  m_CorrespondingSourceObject: {fileID: 0}
  m_PrefabInstance: {fileID: 0}
  m_PrefabAsset: {fileID: 0}
  m_GameObject: {fileID: 699148800047655036}
  m_Mesh: {fileID: 4300000, guid: 1475ac227faed8b4fa1193eae7174891, type: 2}
--- !u!23 &7314306379691301764
MeshRenderer:
  m_ObjectHideFlags: 0
  m_CorrespondingSourceObject: {fileID: 0}
  m_PrefabInstance: {fileID: 0}
  m_PrefabAsset: {fileID: 0}
  m_GameObject: {fileID: 699148800047655036}
  m_Enabled: 1
  m_CastShadows: 1
  m_ReceiveShadows: 1
  m_DynamicOccludee: 1
  m_StaticShadowCaster: 0
  m_MotionVectors: 1
  m_LightProbeUsage: 1
  m_ReflectionProbeUsage: 1
  m_RayTracingMode: 2
  m_RayTraceProcedural: 0
  m_RenderingLayerMask: 257
  m_RendererPriority: 0
  m_Materials:
  - {fileID: 2100000, guid: e4b3ce7d8acab5442b01c68d62c2fded, type: 2}
  m_StaticBatchInfo:
    firstSubMesh: 0
    subMeshCount: 0
  m_StaticBatchRoot: {fileID: 0}
  m_ProbeAnchor: {fileID: 0}
  m_LightProbeVolumeOverride: {fileID: 0}
  m_ScaleInLightmap: 1
  m_ReceiveGI: 1
  m_PreserveUVs: 0
  m_IgnoreNormalsForChartDetection: 0
  m_ImportantGI: 0
  m_StitchLightmapSeams: 1
  m_SelectedEditorRenderState: 3
  m_MinimumChartSize: 4
  m_AutoUVMaxDistance: 0.5
  m_AutoUVMaxAngle: 89
  m_LightmapParameters: {fileID: 0}
  m_SortingLayerID: 0
  m_SortingLayer: 0
  m_SortingOrder: 0
  m_AdditionalVertexStreams: {fileID: 0}
--- !u!1 &4926857733919794248
GameObject:
  m_ObjectHideFlags: 0
  m_CorrespondingSourceObject: {fileID: 0}
  m_PrefabInstance: {fileID: 0}
  m_PrefabAsset: {fileID: 0}
  serializedVersion: 6
  m_Component:
  - component: {fileID: 3981494219211528488}
  - component: {fileID: 8791477261590674513}
  - component: {fileID: 4839291552486623698}
  m_Layer: 0
  m_Name: 001_static_MarketDeskGlass
  m_TagString: Untagged
  m_Icon: {fileID: 0}
  m_NavMeshLayer: 0
  m_StaticEditorFlags: 0
  m_IsActive: 1
--- !u!4 &3981494219211528488
Transform:
  m_ObjectHideFlags: 0
  m_CorrespondingSourceObject: {fileID: 0}
  m_PrefabInstance: {fileID: 0}
  m_PrefabAsset: {fileID: 0}
  m_GameObject: {fileID: 4926857733919794248}
  m_LocalRotation: {x: -0, y: -0, z: -0, w: 1}
  m_LocalPosition: {x: -1.225, y: 1.2, z: 0.025}
  m_LocalScale: {x: -1, y: 1, z: 1}
  m_Children: []
  m_Father: {fileID: 5032559688907371228}
  m_RootOrder: 1
  m_LocalEulerAnglesHint: {x: 0, y: 0, z: 0}
--- !u!33 &8791477261590674513
MeshFilter:
  m_ObjectHideFlags: 0
  m_CorrespondingSourceObject: {fileID: 0}
  m_PrefabInstance: {fileID: 0}
  m_PrefabAsset: {fileID: 0}
  m_GameObject: {fileID: 4926857733919794248}
  m_Mesh: {fileID: 4300000, guid: 4db7b6d91556d5540af5bb6698753d42, type: 2}
--- !u!23 &4839291552486623698
MeshRenderer:
  m_ObjectHideFlags: 0
  m_CorrespondingSourceObject: {fileID: 0}
  m_PrefabInstance: {fileID: 0}
  m_PrefabAsset: {fileID: 0}
  m_GameObject: {fileID: 4926857733919794248}
  m_Enabled: 1
  m_CastShadows: 1
  m_ReceiveShadows: 1
  m_DynamicOccludee: 1
  m_StaticShadowCaster: 0
  m_MotionVectors: 1
  m_LightProbeUsage: 1
  m_ReflectionProbeUsage: 1
  m_RayTracingMode: 2
  m_RayTraceProcedural: 0
  m_RenderingLayerMask: 257
  m_RendererPriority: 0
  m_Materials:
  - {fileID: 2100000, guid: f689794d98f65494dbb269c313437b95, type: 2}
  m_StaticBatchInfo:
    firstSubMesh: 0
    subMeshCount: 0
  m_StaticBatchRoot: {fileID: 0}
  m_ProbeAnchor: {fileID: 0}
  m_LightProbeVolumeOverride: {fileID: 0}
  m_ScaleInLightmap: 1
  m_ReceiveGI: 1
  m_PreserveUVs: 0
  m_IgnoreNormalsForChartDetection: 0
  m_ImportantGI: 0
  m_StitchLightmapSeams: 1
  m_SelectedEditorRenderState: 3
  m_MinimumChartSize: 4
  m_AutoUVMaxDistance: 0.5
  m_AutoUVMaxAngle: 89
  m_LightmapParameters: {fileID: 0}
  m_SortingLayerID: 0
  m_SortingLayer: 0
  m_SortingOrder: 0
  m_AdditionalVertexStreams: {fileID: 0}
--- !u!1 &5855951978940876159
GameObject:
  m_ObjectHideFlags: 0
  m_CorrespondingSourceObject: {fileID: 0}
  m_PrefabInstance: {fileID: 0}
  m_PrefabAsset: {fileID: 0}
  serializedVersion: 6
  m_Component:
  - component: {fileID: 2196155573027140651}
  - component: {fileID: 6115162317797090275}
  - component: {fileID: 5543615220043162289}
  m_Layer: 0
  m_Name: 001_static_MarketDeskGlass
  m_TagString: Untagged
  m_Icon: {fileID: 0}
  m_NavMeshLayer: 0
  m_StaticEditorFlags: 0
  m_IsActive: 1
--- !u!4 &2196155573027140651
Transform:
  m_ObjectHideFlags: 0
  m_CorrespondingSourceObject: {fileID: 0}
  m_PrefabInstance: {fileID: 0}
  m_PrefabAsset: {fileID: 0}
  m_GameObject: {fileID: 5855951978940876159}
  m_LocalRotation: {x: -0, y: -0, z: -0, w: 1}
  m_LocalPosition: {x: -1.225, y: 1.2, z: 0.025}
  m_LocalScale: {x: -1, y: 1, z: 1}
  m_Children: []
  m_Father: {fileID: 4231701915967542756}
  m_RootOrder: 1
  m_LocalEulerAnglesHint: {x: 0, y: 0, z: 0}
--- !u!33 &6115162317797090275
MeshFilter:
  m_ObjectHideFlags: 0
  m_CorrespondingSourceObject: {fileID: 0}
  m_PrefabInstance: {fileID: 0}
  m_PrefabAsset: {fileID: 0}
  m_GameObject: {fileID: 5855951978940876159}
  m_Mesh: {fileID: 4300000, guid: aedd3ecee7b6fea42a330dcd80924748, type: 2}
--- !u!23 &5543615220043162289
MeshRenderer:
  m_ObjectHideFlags: 0
  m_CorrespondingSourceObject: {fileID: 0}
  m_PrefabInstance: {fileID: 0}
  m_PrefabAsset: {fileID: 0}
  m_GameObject: {fileID: 5855951978940876159}
  m_Enabled: 1
  m_CastShadows: 1
  m_ReceiveShadows: 1
  m_DynamicOccludee: 1
  m_StaticShadowCaster: 0
  m_MotionVectors: 1
  m_LightProbeUsage: 1
  m_ReflectionProbeUsage: 1
  m_RayTracingMode: 2
  m_RayTraceProcedural: 0
  m_RenderingLayerMask: 257
  m_RendererPriority: 0
  m_Materials:
  - {fileID: 2100000, guid: f689794d98f65494dbb269c313437b95, type: 2}
  m_StaticBatchInfo:
    firstSubMesh: 0
    subMeshCount: 0
  m_StaticBatchRoot: {fileID: 0}
  m_ProbeAnchor: {fileID: 0}
  m_LightProbeVolumeOverride: {fileID: 0}
  m_ScaleInLightmap: 1
  m_ReceiveGI: 1
  m_PreserveUVs: 0
  m_IgnoreNormalsForChartDetection: 0
  m_ImportantGI: 0
  m_StitchLightmapSeams: 1
  m_SelectedEditorRenderState: 3
  m_MinimumChartSize: 4
  m_AutoUVMaxDistance: 0.5
  m_AutoUVMaxAngle: 89
  m_LightmapParameters: {fileID: 0}
  m_SortingLayerID: 0
  m_SortingLayer: 0
  m_SortingOrder: 0
  m_AdditionalVertexStreams: {fileID: 0}
--- !u!1 &7803195002628550386
GameObject:
  m_ObjectHideFlags: 0
  m_CorrespondingSourceObject: {fileID: 0}
  m_PrefabInstance: {fileID: 0}
  m_PrefabAsset: {fileID: 0}
  serializedVersion: 6
  m_Component:
  - component: {fileID: 6490211924877368545}
  - component: {fileID: 2831317092309853911}
  - component: {fileID: 8391985732760443438}
  - component: {fileID: 4585330467550372069}
  - component: {fileID: 3306969940822170260}
  - component: {fileID: 6121949509293395170}
  m_Layer: 0
  m_Name: MarketDeskRight
  m_TagString: Untagged
  m_Icon: {fileID: 0}
  m_NavMeshLayer: 0
  m_StaticEditorFlags: 0
  m_IsActive: 1
--- !u!4 &6490211924877368545
Transform:
  m_ObjectHideFlags: 0
  m_CorrespondingSourceObject: {fileID: 0}
  m_PrefabInstance: {fileID: 0}
  m_PrefabAsset: {fileID: 0}
  m_GameObject: {fileID: 7803195002628550386}
  m_LocalRotation: {x: -0, y: -0, z: -0, w: 1}
  m_LocalPosition: {x: 0, y: 0, z: 0}
  m_LocalScale: {x: 1, y: 1, z: 1}
  m_Children:
  - {fileID: 2431104712402799657}
  - {fileID: 8338338541571391601}
  m_Father: {fileID: 0}
  m_RootOrder: 0
  m_LocalEulerAnglesHint: {x: 0, y: 0, z: 0}
--- !u!33 &2831317092309853911
MeshFilter:
  m_ObjectHideFlags: 0
  m_CorrespondingSourceObject: {fileID: 0}
  m_PrefabInstance: {fileID: 0}
  m_PrefabAsset: {fileID: 0}
  m_GameObject: {fileID: 7803195002628550386}
  m_Mesh: {fileID: 9172424282471895018, guid: 7276340b208a81b4ba7850e94bb7a45d, type: 3}
--- !u!23 &8391985732760443438
MeshRenderer:
  m_ObjectHideFlags: 0
  m_CorrespondingSourceObject: {fileID: 0}
  m_PrefabInstance: {fileID: 0}
  m_PrefabAsset: {fileID: 0}
  m_GameObject: {fileID: 7803195002628550386}
  m_Enabled: 1
  m_CastShadows: 1
  m_ReceiveShadows: 1
  m_DynamicOccludee: 1
  m_StaticShadowCaster: 0
  m_MotionVectors: 1
  m_LightProbeUsage: 1
  m_ReflectionProbeUsage: 1
  m_RayTracingMode: 2
  m_RayTraceProcedural: 0
  m_RenderingLayerMask: 1
  m_RendererPriority: 0
  m_Materials:
  - {fileID: 2100000, guid: e4b3ce7d8acab5442b01c68d62c2fded, type: 2}
  m_StaticBatchInfo:
    firstSubMesh: 0
    subMeshCount: 0
  m_StaticBatchRoot: {fileID: 0}
  m_ProbeAnchor: {fileID: 0}
  m_LightProbeVolumeOverride: {fileID: 0}
  m_ScaleInLightmap: 1
  m_ReceiveGI: 1
  m_PreserveUVs: 0
  m_IgnoreNormalsForChartDetection: 0
  m_ImportantGI: 0
  m_StitchLightmapSeams: 1
  m_SelectedEditorRenderState: 3
  m_MinimumChartSize: 4
  m_AutoUVMaxDistance: 0.5
  m_AutoUVMaxAngle: 89
  m_LightmapParameters: {fileID: 0}
  m_SortingLayerID: 0
  m_SortingLayer: 0
  m_SortingOrder: 0
  m_AdditionalVertexStreams: {fileID: 0}
--- !u!64 &4585330467550372069
MeshCollider:
  m_ObjectHideFlags: 0
  m_CorrespondingSourceObject: {fileID: 0}
  m_PrefabInstance: {fileID: 0}
  m_PrefabAsset: {fileID: 0}
  m_GameObject: {fileID: 7803195002628550386}
  m_Material: {fileID: 0}
  m_IsTrigger: 0
  m_Enabled: 1
  serializedVersion: 4
  m_Convex: 0
  m_CookingOptions: 30
  m_Mesh: {fileID: 9172424282471895018, guid: 7276340b208a81b4ba7850e94bb7a45d, type: 3}
--- !u!114 &3306969940822170260
MonoBehaviour:
  m_ObjectHideFlags: 0
  m_CorrespondingSourceObject: {fileID: 0}
  m_PrefabInstance: {fileID: 0}
  m_PrefabAsset: {fileID: 0}
  m_GameObject: {fileID: 7803195002628550386}
  m_Enabled: 1
  m_EditorHideFlags: 0
  m_Script: {fileID: 11500000, guid: 8a054274092705d47b8cc27f27aab3bc, type: 3}
  m_Name: 
  m_EditorClassIdentifier: 
  dataContainer:
    objectsHistory:
      gameObject: {fileID: 7803195002628550386}
      undoOperations: []
      redoOperations: []
    objectMeshPairs:
      _Buckets: 0000000004000000050000000300000002000000ffffffffffffffff
      _HashCodes: 38980400109804000498040026980400089804002c98040000000000
      _Next: ffffffffffffffffffffffffffffffffffffffff0100000000000000
      _Count: 6
      _Version: 6
      _FreeList: -1
      _FreeCount: 0
      _Keys:
      - {fileID: 7803195002628550386}
      - {fileID: 1722166171041201722}
      - {fileID: 45322905767602169}
      - {fileID: 4926857733919794248}
      - {fileID: 699148800047655036}
      - {fileID: 5855951978940876159}
      - {fileID: 0}
      _Values:
      - attachedToMeshFilter: 1
        mesh: {fileID: 9172424282471895018, guid: 7276340b208a81b4ba7850e94bb7a45d,
          type: 3}
      - attachedToMeshFilter: 1
        mesh: {fileID: -472657104272794047, guid: 1505bacf6d924244ea306e459b174cc4,
          type: 3}
      - attachedToMeshFilter: 1
        mesh: {fileID: 4300000, guid: a5e53755260702d43a7b93db8f98f078, type: 2}
      - attachedToMeshFilter: 1
        mesh: {fileID: 4300000, guid: 4db7b6d91556d5540af5bb6698753d42, type: 2}
      - attachedToMeshFilter: 1
        mesh: {fileID: 4300000, guid: 1475ac227faed8b4fa1193eae7174891, type: 2}
      - attachedToMeshFilter: 1
        mesh: {fileID: 4300000, guid: aedd3ecee7b6fea42a330dcd80924748, type: 2}
      - attachedToMeshFilter: 0
        mesh: {fileID: 0}
    currentLodLevelSettings:
    - reductionStrength: 0
      transitionHeight: 0.6
      preserveUVFoldover: 0
      preserveUVSeams: 0
      preserveBorders: 0
      useEdgeSort: 1
      recalculateNormals: 0
      aggressiveness: 7
      maxIterations: 100
      regardCurvature: 0
      regardTolerance: 0
      combineMeshes: 0
      simplificationOptionsFoldout: 0
      intensityFoldout: 0
      sphereIntensities: []
    - reductionStrength: 40
      transitionHeight: 0.4
      preserveUVFoldover: 0
      preserveUVSeams: 1
      preserveBorders: 0
      useEdgeSort: 1
      recalculateNormals: 1
      aggressiveness: 7
      maxIterations: 100
      regardCurvature: 1
      regardTolerance: 0
      combineMeshes: 0
      simplificationOptionsFoldout: 1
      intensityFoldout: 0
      sphereIntensities: []
    - reductionStrength: 70
      transitionHeight: 0.15
      preserveUVFoldover: 0
      preserveUVSeams: 1
      preserveBorders: 0
      useEdgeSort: 1
      recalculateNormals: 1
      aggressiveness: 7
      maxIterations: 100
      regardCurvature: 1
      regardTolerance: 0
      combineMeshes: 0
      simplificationOptionsFoldout: 1
      intensityFoldout: 0
      sphereIntensities: []
    toleranceSpheres: []
    lodBackup:
      originalRenderers: []
      lodParentObject: {fileID: 7865091913198580682}
    textureArraysSettings:
      diffuseArraySettings:
        resolution:
          width: 512
          height: 512
        filteringMode: 0
        compressionType: 0
        compressionQuality: 1
        anisotropicFilteringLevel: 1
        choiceResolutionW: 4
        choiceResolutionH: 4
        choiceFilteringMode: 0
        choiceCompressionQuality: 1
        choiceCompressionType: 0
      metallicArraySettings:
        resolution:
          width: 512
          height: 512
        filteringMode: 0
        compressionType: 0
        compressionQuality: 1
        anisotropicFilteringLevel: 1
        choiceResolutionW: 4
        choiceResolutionH: 4
        choiceFilteringMode: 0
        choiceCompressionQuality: 1
        choiceCompressionType: 0
      specularArraySettings:
        resolution:
          width: 512
          height: 512
        filteringMode: 0
        compressionType: 0
        compressionQuality: 1
        anisotropicFilteringLevel: 1
        choiceResolutionW: 4
        choiceResolutionH: 4
        choiceFilteringMode: 0
        choiceCompressionQuality: 1
        choiceCompressionType: 0
      normalArraySettings:
        resolution:
          width: 512
          height: 512
        filteringMode: 0
        compressionType: 0
        compressionQuality: 1
        anisotropicFilteringLevel: 1
        choiceResolutionW: 4
        choiceResolutionH: 4
        choiceFilteringMode: 0
        choiceCompressionQuality: 1
        choiceCompressionType: 0
      heightArraySettings:
        resolution:
          width: 512
          height: 512
        filteringMode: 0
        compressionType: 0
        compressionQuality: 1
        anisotropicFilteringLevel: 1
        choiceResolutionW: 4
        choiceResolutionH: 4
        choiceFilteringMode: 0
        choiceCompressionQuality: 1
        choiceCompressionType: 0
      occlusionArraySettings:
        resolution:
          width: 512
          height: 512
        filteringMode: 0
        compressionType: 0
        compressionQuality: 1
        anisotropicFilteringLevel: 1
        choiceResolutionW: 4
        choiceResolutionH: 4
        choiceFilteringMode: 0
        choiceCompressionQuality: 1
        choiceCompressionType: 0
      emissiveArraySettings:
        resolution:
          width: 512
          height: 512
        filteringMode: 0
        compressionType: 0
        compressionQuality: 1
        anisotropicFilteringLevel: 1
        choiceResolutionW: 4
        choiceResolutionH: 4
        choiceFilteringMode: 0
        choiceCompressionQuality: 1
        choiceCompressionType: 0
      detailMaskArraySettings:
        resolution:
          width: 512
          height: 512
        filteringMode: 0
        compressionType: 0
        compressionQuality: 1
        anisotropicFilteringLevel: 1
        choiceResolutionW: 4
        choiceResolutionH: 4
        choiceFilteringMode: 0
        choiceCompressionQuality: 1
        choiceCompressionType: 0
      detailAlbedoArraySettings:
        resolution:
          width: 512
          height: 512
        filteringMode: 0
        compressionType: 0
        compressionQuality: 1
        anisotropicFilteringLevel: 1
        choiceResolutionW: 4
        choiceResolutionH: 4
        choiceFilteringMode: 0
        choiceCompressionQuality: 1
        choiceCompressionType: 0
      detailNormalArraySettings:
        resolution:
          width: 512
          height: 512
        filteringMode: 0
        compressionType: 0
        compressionQuality: 1
        anisotropicFilteringLevel: 1
        choiceResolutionW: 4
        choiceResolutionH: 4
        choiceFilteringMode: 0
        choiceCompressionQuality: 1
        choiceCompressionType: 0
    materialsToRestore: []
    lastObjMaterialLinks: {fileID: 0}
    relocateMaterialLinks: 0
    reInitializeTempMatProps: 0
    choiceTextureMap: 0
    choiceDiffuseColorSpace: 0
    batchFewSavePath: 
    existingTextureArrays: []
    existingTextureArraysFoldout: 0
    existingTextureArraysSize: 0
    textureArraysPropsFoldout: 0
    existingArraysProps:
      resolution:
        width: 0
        height: 0
      filteringMode: 0
      compressionType: 0
      compressionQuality: 0
      anisotropicFilteringLevel: 0
      choiceResolutionW: 0
      choiceResolutionH: 0
      choiceFilteringMode: 0
      choiceCompressionQuality: 0
      choiceCompressionType: 0
    choiceColorSpace: 0
    preserveBorders: 0
    preserveUVSeams: 1
    preserveUVFoldover: 0
    useEdgeSort: 1
    recalculateNormals: 1
    maxIterations: 100
    aggressiveness: 7
    regardCurvature: 1
    considerChildren: 1
    isPreservationActive: 0
    sphereDiameter: 0.5
    oldSphereScale: {x: 0, y: 0, z: 0}
    reductionStrength: 0
    reductionPending: 0
    prevFeasibleTarget: {fileID: 0}
    runOnThreads: 1
    triangleCount: 6940
    lastDrawer: {fileID: 0}
    foldoutAutoLOD: 0
    foldoutBatchFew: 0
    foldoutAutoLODMultiple: 0
    objPositionPrevFrame: {x: 0, y: 0, z: 0}
    objScalePrevFrame: {x: 1, y: 1, z: 1}
    considerChildrenBatchFew: 1
    autoLODSavePath: 
    foldoutAdditionalOpts: 0
    generateUV2LODs: 0
    copyParentStaticFlags: 0
    copyParentTag: 0
    copyParentLayer: 0
    createAsChildren: 0
    removeLODBackupComponent: 0
    generateUV2batchfew: 0
    removeMaterialLinksComponent: 0
    clearBlendshapesComplete: 0
    clearBlendshapesNormals: 0
    clearBlendshapesTangents: 0
    isPlainSkin: 0
--- !u!205 &6121949509293395170
LODGroup:
  m_ObjectHideFlags: 0
  m_CorrespondingSourceObject: {fileID: 0}
  m_PrefabInstance: {fileID: 0}
  m_PrefabAsset: {fileID: 0}
  m_GameObject: {fileID: 7803195002628550386}
  serializedVersion: 2
  m_LocalReferencePoint: {x: -0.82500005, y: 1.4000001, z: 0.25}
  m_Size: 3.25
  m_FadeMode: 0
  m_AnimateCrossFading: 0
  m_LastLODIsBillboard: 0
  m_LODs:
  - screenRelativeHeight: 0.4031454
    fadeTransitionWidth: 0
    renderers:
    - renderer: {fileID: 8391985732760443438}
    - renderer: {fileID: 1142378350430964454}
  - screenRelativeHeight: 0.14427784
    fadeTransitionWidth: 0
    renderers:
    - renderer: {fileID: 4394748803125503643}
    - renderer: {fileID: 4839291552486623698}
  - screenRelativeHeight: 0.015023073
    fadeTransitionWidth: 0
    renderers:
    - renderer: {fileID: 7314306379691301764}
    - renderer: {fileID: 5543615220043162289}
  m_Enabled: 1
--- !u!1 &7865091913198580682
GameObject:
  m_ObjectHideFlags: 0
  m_CorrespondingSourceObject: {fileID: 0}
  m_PrefabInstance: {fileID: 0}
  m_PrefabAsset: {fileID: 0}
  serializedVersion: 6
  m_Component:
  - component: {fileID: 8338338541571391601}
  m_Layer: 0
  m_Name: (POLY FEW)_LODS-DON'T-DELETE-MANUALLY
  m_TagString: Untagged
  m_Icon: {fileID: 0}
  m_NavMeshLayer: 0
  m_StaticEditorFlags: 0
  m_IsActive: 1
--- !u!4 &8338338541571391601
Transform:
  m_ObjectHideFlags: 0
  m_CorrespondingSourceObject: {fileID: 0}
  m_PrefabInstance: {fileID: 0}
  m_PrefabAsset: {fileID: 0}
  m_GameObject: {fileID: 7865091913198580682}
  m_LocalRotation: {x: 0, y: 0, z: 0, w: 1}
  m_LocalPosition: {x: 0, y: 0, z: 0}
  m_LocalScale: {x: 1, y: 1, z: 1}
  m_Children:
  - {fileID: 5032559688907371228}
  - {fileID: 4231701915967542756}
  m_Father: {fileID: 6490211924877368545}
  m_RootOrder: 1
  m_LocalEulerAnglesHint: {x: 0, y: 0, z: 0}
--- !u!1 &9037777220910399483
GameObject:
  m_ObjectHideFlags: 0
  m_CorrespondingSourceObject: {fileID: 0}
  m_PrefabInstance: {fileID: 0}
  m_PrefabAsset: {fileID: 0}
  serializedVersion: 6
  m_Component:
  - component: {fileID: 5032559688907371228}
  m_Layer: 0
  m_Name: Level02
  m_TagString: Untagged
  m_Icon: {fileID: 0}
  m_NavMeshLayer: 0
  m_StaticEditorFlags: 0
  m_IsActive: 1
--- !u!4 &5032559688907371228
Transform:
  m_ObjectHideFlags: 0
  m_CorrespondingSourceObject: {fileID: 0}
  m_PrefabInstance: {fileID: 0}
  m_PrefabAsset: {fileID: 0}
  m_GameObject: {fileID: 9037777220910399483}
  m_LocalRotation: {x: 0, y: 0, z: 0, w: 1}
  m_LocalPosition: {x: 0, y: 0, z: 0}
  m_LocalScale: {x: 1, y: 1, z: 1}
  m_Children:
  - {fileID: 3363782300043549173}
  - {fileID: 3981494219211528488}
  m_Father: {fileID: 8338338541571391601}
  m_RootOrder: 0
  m_LocalEulerAnglesHint: {x: 0, y: 0, z: 0}
--- !u!1001 &7261966526169065267
PrefabInstance:
  m_ObjectHideFlags: 0
  serializedVersion: 2
  m_Modification:
    m_TransformParent: {fileID: 6490211924877368545}
    m_Modifications:
    - target: {fileID: -5178661895559278292, guid: 1505bacf6d924244ea306e459b174cc4,
        type: 3}
      propertyPath: m_Mesh
      value: 
      objectReference: {fileID: -472657104272794047, guid: 1505bacf6d924244ea306e459b174cc4,
        type: 3}
    - target: {fileID: -4216859302048453862, guid: 1505bacf6d924244ea306e459b174cc4,
        type: 3}
      propertyPath: m_RootOrder
      value: 0
      objectReference: {fileID: 0}
    - target: {fileID: -4216859302048453862, guid: 1505bacf6d924244ea306e459b174cc4,
        type: 3}
      propertyPath: m_LocalScale.x
      value: -1
      objectReference: {fileID: 0}
    - target: {fileID: -4216859302048453862, guid: 1505bacf6d924244ea306e459b174cc4,
        type: 3}
      propertyPath: m_LocalPosition.x
      value: -1.225
      objectReference: {fileID: 0}
    - target: {fileID: -4216859302048453862, guid: 1505bacf6d924244ea306e459b174cc4,
        type: 3}
      propertyPath: m_LocalPosition.y
      value: 1.2
      objectReference: {fileID: 0}
    - target: {fileID: -4216859302048453862, guid: 1505bacf6d924244ea306e459b174cc4,
        type: 3}
      propertyPath: m_LocalPosition.z
      value: 0.025
      objectReference: {fileID: 0}
    - target: {fileID: -4216859302048453862, guid: 1505bacf6d924244ea306e459b174cc4,
        type: 3}
      propertyPath: m_LocalRotation.w
      value: 1
      objectReference: {fileID: 0}
    - target: {fileID: -4216859302048453862, guid: 1505bacf6d924244ea306e459b174cc4,
        type: 3}
      propertyPath: m_LocalRotation.x
      value: 0
      objectReference: {fileID: 0}
    - target: {fileID: -4216859302048453862, guid: 1505bacf6d924244ea306e459b174cc4,
        type: 3}
      propertyPath: m_LocalRotation.y
      value: -0
      objectReference: {fileID: 0}
    - target: {fileID: -4216859302048453862, guid: 1505bacf6d924244ea306e459b174cc4,
        type: 3}
      propertyPath: m_LocalRotation.z
      value: -0
      objectReference: {fileID: 0}
    - target: {fileID: -4216859302048453862, guid: 1505bacf6d924244ea306e459b174cc4,
        type: 3}
      propertyPath: m_LocalEulerAnglesHint.x
      value: 0
      objectReference: {fileID: 0}
    - target: {fileID: -4216859302048453862, guid: 1505bacf6d924244ea306e459b174cc4,
        type: 3}
      propertyPath: m_LocalEulerAnglesHint.y
      value: 0
      objectReference: {fileID: 0}
    - target: {fileID: -4216859302048453862, guid: 1505bacf6d924244ea306e459b174cc4,
        type: 3}
      propertyPath: m_LocalEulerAnglesHint.z
      value: 0
      objectReference: {fileID: 0}
    - target: {fileID: -1504981713932161579, guid: 1505bacf6d924244ea306e459b174cc4,
        type: 3}
      propertyPath: m_CastShadows
      value: 0
      objectReference: {fileID: 0}
    - target: {fileID: -1504981713932161579, guid: 1505bacf6d924244ea306e459b174cc4,
        type: 3}
      propertyPath: m_Materials.Array.data[0]
      value: 
      objectReference: {fileID: 2100000, guid: f689794d98f65494dbb269c313437b95, type: 2}
    - target: {fileID: -927199367670048503, guid: 1505bacf6d924244ea306e459b174cc4,
        type: 3}
      propertyPath: m_Name
      value: MarketDeskGlass
      objectReference: {fileID: 0}
    m_RemovedComponents: []
  m_SourcePrefab: {fileID: 100100000, guid: 1505bacf6d924244ea306e459b174cc4, type: 3}
--- !u!23 &1142378350430964454 stripped
MeshRenderer:
  m_CorrespondingSourceObject: {fileID: -1504981713932161579, guid: 1505bacf6d924244ea306e459b174cc4,
    type: 3}
  m_PrefabInstance: {fileID: 7261966526169065267}
  m_PrefabAsset: {fileID: 0}
--- !u!4 &2431104712402799657 stripped
Transform:
  m_CorrespondingSourceObject: {fileID: -4216859302048453862, guid: 1505bacf6d924244ea306e459b174cc4,
    type: 3}
  m_PrefabInstance: {fileID: 7261966526169065267}
  m_PrefabAsset: {fileID: 0}
--- !u!1 &1722166171041201722 stripped
GameObject:
  m_CorrespondingSourceObject: {fileID: -927199367670048503, guid: 1505bacf6d924244ea306e459b174cc4,
    type: 3}
  m_PrefabInstance: {fileID: 7261966526169065267}
  m_PrefabAsset: {fileID: 0}
