%YAML 1.1
%TAG !u! tag:unity3d.com,2011:
--- !u!1 &974544367867390657
GameObject:
  m_ObjectHideFlags: 0
  m_CorrespondingSourceObject: {fileID: 0}
  m_PrefabInstance: {fileID: 0}
  m_PrefabAsset: {fileID: 0}
  serializedVersion: 6
  m_Component:
  - component: {fileID: 8706879764637537273}
  m_Layer: 0
  m_Name: Level02
  m_TagString: Untagged
  m_Icon: {fileID: 0}
  m_NavMeshLayer: 0
  m_StaticEditorFlags: 0
  m_IsActive: 1
--- !u!4 &8706879764637537273
Transform:
  m_ObjectHideFlags: 0
  m_CorrespondingSourceObject: {fileID: 0}
  m_PrefabInstance: {fileID: 0}
  m_PrefabAsset: {fileID: 0}
  m_GameObject: {fileID: 974544367867390657}
  m_LocalRotation: {x: 0, y: 0, z: 0, w: 1}
  m_LocalPosition: {x: 0, y: 0, z: 0}
  m_LocalScale: {x: 1, y: 1, z: 1}
  m_ConstrainProportionsScale: 0
  m_Children:
  - {fileID: 8190970420618196964}
  - {fileID: 3852088740387471700}
  - {fileID: 9103827106258314651}
  - {fileID: 4322924887209018939}
  - {fileID: 7112099163634989772}
  - {fileID: 2252029903264344751}
  m_Father: {fileID: 112936831932009484}
  m_RootOrder: 0
  m_LocalEulerAnglesHint: {x: 0, y: 0, z: 0}
--- !u!1 &1412829587773505856
GameObject:
  m_ObjectHideFlags: 0
  m_CorrespondingSourceObject: {fileID: 0}
  m_PrefabInstance: {fileID: 0}
  m_PrefabAsset: {fileID: 0}
  serializedVersion: 6
  m_Component:
  - component: {fileID: 112936831932009484}
  m_Layer: 0
  m_Name: (POLY FEW)_LODS-DON'T-DELETE-MANUALLY
  m_TagString: Untagged
  m_Icon: {fileID: 0}
  m_NavMeshLayer: 0
  m_StaticEditorFlags: 0
  m_IsActive: 1
--- !u!4 &112936831932009484
Transform:
  m_ObjectHideFlags: 0
  m_CorrespondingSourceObject: {fileID: 0}
  m_PrefabInstance: {fileID: 0}
  m_PrefabAsset: {fileID: 0}
  m_GameObject: {fileID: 1412829587773505856}
  m_LocalRotation: {x: 0, y: 0, z: 0, w: 1}
  m_LocalPosition: {x: 0, y: 0, z: 0}
  m_LocalScale: {x: 1, y: 1, z: 1}
  m_ConstrainProportionsScale: 0
  m_Children:
  - {fileID: 8706879764637537273}
  - {fileID: 5146579813626888197}
  m_Father: {fileID: 3646920475242757539}
  m_RootOrder: 1
  m_LocalEulerAnglesHint: {x: 0, y: 0, z: 0}
--- !u!1 &1794231338553364775
GameObject:
  m_ObjectHideFlags: 0
  m_CorrespondingSourceObject: {fileID: 0}
  m_PrefabInstance: {fileID: 0}
  m_PrefabAsset: {fileID: 0}
  serializedVersion: 6
  m_Component:
  - component: {fileID: 2252029903264344751}
  - component: {fileID: 5544569914088388005}
  - component: {fileID: 8709233934049215032}
  m_Layer: 0
  m_Name: 005_static_Meshing
  m_TagString: Untagged
  m_Icon: {fileID: 0}
  m_NavMeshLayer: 0
  m_StaticEditorFlags: 0
  m_IsActive: 1
--- !u!4 &2252029903264344751
Transform:
  m_ObjectHideFlags: 0
  m_CorrespondingSourceObject: {fileID: 0}
  m_PrefabInstance: {fileID: 0}
  m_PrefabAsset: {fileID: 0}
  m_GameObject: {fileID: 1794231338553364775}
  m_LocalRotation: {x: -0, y: -0, z: -0, w: 1}
  m_LocalPosition: {x: -0.028999329, y: 1.25, z: 2.54}
  m_LocalScale: {x: 1.317, y: 2.5, z: 1}
  m_ConstrainProportionsScale: 0
  m_Children: []
  m_Father: {fileID: 8706879764637537273}
  m_RootOrder: 5
  m_LocalEulerAnglesHint: {x: 0, y: 0, z: 0}
--- !u!33 &5544569914088388005
MeshFilter:
  m_ObjectHideFlags: 0
  m_CorrespondingSourceObject: {fileID: 0}
  m_PrefabInstance: {fileID: 0}
  m_PrefabAsset: {fileID: 0}
  m_GameObject: {fileID: 1794231338553364775}
  m_Mesh: {fileID: 4300000, guid: 533d657894f031848ad76637246598ab, type: 2}
--- !u!23 &8709233934049215032
MeshRenderer:
  m_ObjectHideFlags: 0
  m_CorrespondingSourceObject: {fileID: 0}
  m_PrefabInstance: {fileID: 0}
  m_PrefabAsset: {fileID: 0}
  m_GameObject: {fileID: 1794231338553364775}
  m_Enabled: 1
  m_CastShadows: 1
  m_ReceiveShadows: 1
  m_DynamicOccludee: 1
  m_StaticShadowCaster: 0
  m_MotionVectors: 1
  m_LightProbeUsage: 1
  m_ReflectionProbeUsage: 1
  m_RayTracingMode: 2
  m_RayTraceProcedural: 0
  m_RenderingLayerMask: 257
  m_RendererPriority: 0
  m_Materials:
  - {fileID: 2100000, guid: 7013a84535a06274b82c150e57da0539, type: 2}
  m_StaticBatchInfo:
    firstSubMesh: 0
    subMeshCount: 0
  m_StaticBatchRoot: {fileID: 0}
  m_ProbeAnchor: {fileID: 0}
  m_LightProbeVolumeOverride: {fileID: 0}
  m_ScaleInLightmap: 1
  m_ReceiveGI: 1
  m_PreserveUVs: 0
  m_IgnoreNormalsForChartDetection: 0
  m_ImportantGI: 0
  m_StitchLightmapSeams: 1
  m_SelectedEditorRenderState: 3
  m_MinimumChartSize: 4
  m_AutoUVMaxDistance: 0.5
  m_AutoUVMaxAngle: 89
  m_LightmapParameters: {fileID: 0}
  m_SortingLayerID: 0
  m_SortingLayer: 0
  m_SortingOrder: 0
  m_AdditionalVertexStreams: {fileID: 0}
--- !u!1 &2594821414561850071
GameObject:
  m_ObjectHideFlags: 0
  m_CorrespondingSourceObject: {fileID: 0}
  m_PrefabInstance: {fileID: 0}
  m_PrefabAsset: {fileID: 0}
  serializedVersion: 6
  m_Component:
  - component: {fileID: 9103827106258314651}
  - component: {fileID: 7847582154809687732}
  - component: {fileID: 9216423393577191396}
  m_Layer: 0
  m_Name: 002_static_ElevatorButtonUp
  m_TagString: Untagged
  m_Icon: {fileID: 0}
  m_NavMeshLayer: 0
  m_StaticEditorFlags: 0
  m_IsActive: 1
--- !u!4 &9103827106258314651
Transform:
  m_ObjectHideFlags: 0
  m_CorrespondingSourceObject: {fileID: 0}
  m_PrefabInstance: {fileID: 0}
  m_PrefabAsset: {fileID: 0}
  m_GameObject: {fileID: 2594821414561850071}
  m_LocalRotation: {x: -0, y: -0, z: -0, w: 1}
  m_LocalPosition: {x: 0.79299927, y: 1.3900003, z: 2.712}
  m_LocalScale: {x: 1, y: 1, z: 1}
  m_ConstrainProportionsScale: 0
  m_Children: []
  m_Father: {fileID: 8706879764637537273}
  m_RootOrder: 2
  m_LocalEulerAnglesHint: {x: 0, y: 0, z: 0}
--- !u!33 &7847582154809687732
MeshFilter:
  m_ObjectHideFlags: 0
  m_CorrespondingSourceObject: {fileID: 0}
  m_PrefabInstance: {fileID: 0}
  m_PrefabAsset: {fileID: 0}
  m_GameObject: {fileID: 2594821414561850071}
  m_Mesh: {fileID: 4300000, guid: 80ea9af9dbbc3744e847428e4e69b22f, type: 2}
--- !u!23 &9216423393577191396
MeshRenderer:
  m_ObjectHideFlags: 0
  m_CorrespondingSourceObject: {fileID: 0}
  m_PrefabInstance: {fileID: 0}
  m_PrefabAsset: {fileID: 0}
  m_GameObject: {fileID: 2594821414561850071}
  m_Enabled: 1
  m_CastShadows: 1
  m_ReceiveShadows: 1
  m_DynamicOccludee: 1
  m_StaticShadowCaster: 0
  m_MotionVectors: 1
  m_LightProbeUsage: 1
  m_ReflectionProbeUsage: 1
  m_RayTracingMode: 2
  m_RayTraceProcedural: 0
  m_RenderingLayerMask: 257
  m_RendererPriority: 0
  m_Materials:
  - {fileID: 2100000, guid: f2aadbccf2be3e24c98605171bde8c65, type: 2}
  m_StaticBatchInfo:
    firstSubMesh: 0
    subMeshCount: 0
  m_StaticBatchRoot: {fileID: 0}
  m_ProbeAnchor: {fileID: 0}
  m_LightProbeVolumeOverride: {fileID: 0}
  m_ScaleInLightmap: 1
  m_ReceiveGI: 1
  m_PreserveUVs: 0
  m_IgnoreNormalsForChartDetection: 0
  m_ImportantGI: 0
  m_StitchLightmapSeams: 1
  m_SelectedEditorRenderState: 3
  m_MinimumChartSize: 4
  m_AutoUVMaxDistance: 0.5
  m_AutoUVMaxAngle: 89
  m_LightmapParameters: {fileID: 0}
  m_SortingLayerID: 0
  m_SortingLayer: 0
  m_SortingOrder: 0
  m_AdditionalVertexStreams: {fileID: 0}
--- !u!1 &3678623156811137337
GameObject:
  m_ObjectHideFlags: 0
  m_CorrespondingSourceObject: {fileID: 0}
  m_PrefabInstance: {fileID: 0}
  m_PrefabAsset: {fileID: 0}
  serializedVersion: 6
  m_Component:
  - component: {fileID: 3457257716815506786}
  - component: {fileID: 2328604478112815253}
  - component: {fileID: 1072065284926680625}
  m_Layer: 0
  m_Name: 003_static_ElevatorButtonDown
  m_TagString: Untagged
  m_Icon: {fileID: 0}
  m_NavMeshLayer: 0
  m_StaticEditorFlags: 0
  m_IsActive: 1
--- !u!4 &3457257716815506786
Transform:
  m_ObjectHideFlags: 0
  m_CorrespondingSourceObject: {fileID: 0}
  m_PrefabInstance: {fileID: 0}
  m_PrefabAsset: {fileID: 0}
  m_GameObject: {fileID: 3678623156811137337}
  m_LocalRotation: {x: -0, y: -0, z: 1, w: 0}
  m_LocalPosition: {x: 0.79299927, y: 1.2399998, z: 2.712}
  m_LocalScale: {x: 1, y: 1, z: 1}
  m_ConstrainProportionsScale: 0
  m_Children: []
  m_Father: {fileID: 5146579813626888197}
  m_RootOrder: 3
  m_LocalEulerAnglesHint: {x: 0, y: 0, z: 0}
--- !u!33 &2328604478112815253
MeshFilter:
  m_ObjectHideFlags: 0
  m_CorrespondingSourceObject: {fileID: 0}
  m_PrefabInstance: {fileID: 0}
  m_PrefabAsset: {fileID: 0}
  m_GameObject: {fileID: 3678623156811137337}
  m_Mesh: {fileID: 4300000, guid: a4c345874ece48e4180c3fae094b7fb9, type: 2}
--- !u!23 &1072065284926680625
MeshRenderer:
  m_ObjectHideFlags: 0
  m_CorrespondingSourceObject: {fileID: 0}
  m_PrefabInstance: {fileID: 0}
  m_PrefabAsset: {fileID: 0}
  m_GameObject: {fileID: 3678623156811137337}
  m_Enabled: 1
  m_CastShadows: 1
  m_ReceiveShadows: 1
  m_DynamicOccludee: 1
  m_StaticShadowCaster: 0
  m_MotionVectors: 1
  m_LightProbeUsage: 1
  m_ReflectionProbeUsage: 1
  m_RayTracingMode: 2
  m_RayTraceProcedural: 0
  m_RenderingLayerMask: 257
  m_RendererPriority: 0
  m_Materials:
  - {fileID: 2100000, guid: f2aadbccf2be3e24c98605171bde8c65, type: 2}
  m_StaticBatchInfo:
    firstSubMesh: 0
    subMeshCount: 0
  m_StaticBatchRoot: {fileID: 0}
  m_ProbeAnchor: {fileID: 0}
  m_LightProbeVolumeOverride: {fileID: 0}
  m_ScaleInLightmap: 1
  m_ReceiveGI: 1
  m_PreserveUVs: 0
  m_IgnoreNormalsForChartDetection: 0
  m_ImportantGI: 0
  m_StitchLightmapSeams: 1
  m_SelectedEditorRenderState: 3
  m_MinimumChartSize: 4
  m_AutoUVMaxDistance: 0.5
  m_AutoUVMaxAngle: 89
  m_LightmapParameters: {fileID: 0}
  m_SortingLayerID: 0
  m_SortingLayer: 0
  m_SortingOrder: 0
  m_AdditionalVertexStreams: {fileID: 0}
--- !u!1 &4516396812432668991
GameObject:
  m_ObjectHideFlags: 0
  m_CorrespondingSourceObject: {fileID: 0}
  m_PrefabInstance: {fileID: 0}
  m_PrefabAsset: {fileID: 0}
  serializedVersion: 6
  m_Component:
  - component: {fileID: 7756311623185478058}
  - component: {fileID: 5655270446370463475}
  - component: {fileID: 7266683177167201673}
  m_Layer: 0
  m_Name: 001_static_StaircaseElevatorCageMarble
  m_TagString: Untagged
  m_Icon: {fileID: 0}
  m_NavMeshLayer: 0
  m_StaticEditorFlags: 0
  m_IsActive: 1
--- !u!4 &7756311623185478058
Transform:
  m_ObjectHideFlags: 0
  m_CorrespondingSourceObject: {fileID: 0}
  m_PrefabInstance: {fileID: 0}
  m_PrefabAsset: {fileID: 0}
  m_GameObject: {fileID: 4516396812432668991}
  m_LocalRotation: {x: -0, y: -0, z: -0, w: 1}
  m_LocalPosition: {x: 0, y: 0, z: 0}
  m_LocalScale: {x: 1, y: 1, z: 1}
  m_ConstrainProportionsScale: 0
  m_Children: []
  m_Father: {fileID: 5146579813626888197}
  m_RootOrder: 1
  m_LocalEulerAnglesHint: {x: 0, y: 0, z: 0}
--- !u!33 &5655270446370463475
MeshFilter:
  m_ObjectHideFlags: 0
  m_CorrespondingSourceObject: {fileID: 0}
  m_PrefabInstance: {fileID: 0}
  m_PrefabAsset: {fileID: 0}
  m_GameObject: {fileID: 4516396812432668991}
  m_Mesh: {fileID: 4300000, guid: 078965722100c0e4ea13433be3499695, type: 2}
--- !u!23 &7266683177167201673
MeshRenderer:
  m_ObjectHideFlags: 0
  m_CorrespondingSourceObject: {fileID: 0}
  m_PrefabInstance: {fileID: 0}
  m_PrefabAsset: {fileID: 0}
  m_GameObject: {fileID: 4516396812432668991}
  m_Enabled: 1
  m_CastShadows: 1
  m_ReceiveShadows: 1
  m_DynamicOccludee: 1
  m_StaticShadowCaster: 0
  m_MotionVectors: 1
  m_LightProbeUsage: 1
  m_ReflectionProbeUsage: 1
  m_RayTracingMode: 2
  m_RayTraceProcedural: 0
  m_RenderingLayerMask: 257
  m_RendererPriority: 0
  m_Materials:
  - {fileID: 2100000, guid: 8f183176009677b4ba2a935f573477d7, type: 2}
  m_StaticBatchInfo:
    firstSubMesh: 0
    subMeshCount: 0
  m_StaticBatchRoot: {fileID: 0}
  m_ProbeAnchor: {fileID: 0}
  m_LightProbeVolumeOverride: {fileID: 0}
  m_ScaleInLightmap: 1
  m_ReceiveGI: 1
  m_PreserveUVs: 0
  m_IgnoreNormalsForChartDetection: 0
  m_ImportantGI: 0
  m_StitchLightmapSeams: 1
  m_SelectedEditorRenderState: 3
  m_MinimumChartSize: 4
  m_AutoUVMaxDistance: 0.5
  m_AutoUVMaxAngle: 89
  m_LightmapParameters: {fileID: 0}
  m_SortingLayerID: 0
  m_SortingLayer: 0
  m_SortingOrder: 0
  m_AdditionalVertexStreams: {fileID: 0}
--- !u!1 &4661288529265180072
GameObject:
  m_ObjectHideFlags: 0
  m_CorrespondingSourceObject: {fileID: 0}
  m_PrefabInstance: {fileID: 0}
  m_PrefabAsset: {fileID: 0}
  serializedVersion: 6
  m_Component:
  - component: {fileID: 2568488537212914606}
  - component: {fileID: 1658874597127972765}
  - component: {fileID: 4269609942322691874}
  m_Layer: 0
  m_Name: 000_static_MarbleStaircaseInverted
  m_TagString: Untagged
  m_Icon: {fileID: 0}
  m_NavMeshLayer: 0
  m_StaticEditorFlags: 0
  m_IsActive: 1
--- !u!4 &2568488537212914606
Transform:
  m_ObjectHideFlags: 0
  m_CorrespondingSourceObject: {fileID: 0}
  m_PrefabInstance: {fileID: 0}
  m_PrefabAsset: {fileID: 0}
  m_GameObject: {fileID: 4661288529265180072}
  m_LocalRotation: {x: -0, y: -0, z: -0, w: 1}
  m_LocalPosition: {x: 0, y: 0, z: 0}
  m_LocalScale: {x: 1, y: 1, z: 1}
  m_ConstrainProportionsScale: 0
  m_Children: []
  m_Father: {fileID: 5146579813626888197}
  m_RootOrder: 0
  m_LocalEulerAnglesHint: {x: 0, y: 0, z: 0}
--- !u!33 &1658874597127972765
MeshFilter:
  m_ObjectHideFlags: 0
  m_CorrespondingSourceObject: {fileID: 0}
  m_PrefabInstance: {fileID: 0}
  m_PrefabAsset: {fileID: 0}
  m_GameObject: {fileID: 4661288529265180072}
  m_Mesh: {fileID: 4300000, guid: eb57401c0010a734c906c49c76134175, type: 2}
--- !u!23 &4269609942322691874
MeshRenderer:
  m_ObjectHideFlags: 0
  m_CorrespondingSourceObject: {fileID: 0}
  m_PrefabInstance: {fileID: 0}
  m_PrefabAsset: {fileID: 0}
  m_GameObject: {fileID: 4661288529265180072}
  m_Enabled: 1
  m_CastShadows: 1
  m_ReceiveShadows: 1
  m_DynamicOccludee: 1
  m_StaticShadowCaster: 0
  m_MotionVectors: 1
  m_LightProbeUsage: 1
  m_ReflectionProbeUsage: 1
  m_RayTracingMode: 2
  m_RayTraceProcedural: 0
  m_RenderingLayerMask: 257
  m_RendererPriority: 0
  m_Materials:
  - {fileID: 2100000, guid: 8e733d666ce7f894dacb87d6db43d26f, type: 2}
  m_StaticBatchInfo:
    firstSubMesh: 0
    subMeshCount: 0
  m_StaticBatchRoot: {fileID: 0}
  m_ProbeAnchor: {fileID: 0}
  m_LightProbeVolumeOverride: {fileID: 0}
  m_ScaleInLightmap: 1
  m_ReceiveGI: 1
  m_PreserveUVs: 0
  m_IgnoreNormalsForChartDetection: 0
  m_ImportantGI: 0
  m_StitchLightmapSeams: 1
  m_SelectedEditorRenderState: 3
  m_MinimumChartSize: 4
  m_AutoUVMaxDistance: 0.5
  m_AutoUVMaxAngle: 89
  m_LightmapParameters: {fileID: 0}
  m_SortingLayerID: 0
  m_SortingLayer: 0
  m_SortingOrder: 0
  m_AdditionalVertexStreams: {fileID: 0}
--- !u!1 &4737113699285959582
GameObject:
  m_ObjectHideFlags: 0
  m_CorrespondingSourceObject: {fileID: 0}
  m_PrefabInstance: {fileID: 0}
  m_PrefabAsset: {fileID: 0}
  serializedVersion: 6
  m_Component:
  - component: {fileID: 8639806340354896269}
  - component: {fileID: 773990938216909755}
  - component: {fileID: 6449521641805428546}
  - component: {fileID: 1321035219973246345}
  - component: {fileID: 6656845815678254445}
  - component: {fileID: 6753643756080899820}
  - component: {fileID: 6722006457506806401}
  - component: {fileID: 5759956070292807982}
  m_Layer: 0
  m_Name: StaircaseElevatorCageMarble
  m_TagString: Untagged
  m_Icon: {fileID: 0}
  m_NavMeshLayer: 0
  m_StaticEditorFlags: 0
  m_IsActive: 1
--- !u!4 &8639806340354896269
Transform:
  m_ObjectHideFlags: 0
  m_CorrespondingSourceObject: {fileID: 0}
  m_PrefabInstance: {fileID: 0}
  m_PrefabAsset: {fileID: 0}
  m_GameObject: {fileID: 4737113699285959582}
  m_LocalRotation: {x: 0, y: 0, z: 0, w: 1}
  m_LocalPosition: {x: 0, y: 0, z: 0}
  m_LocalScale: {x: 1, y: 1, z: 1}
  m_ConstrainProportionsScale: 0
  m_Children:
  - {fileID: 2423369328364943163}
  - {fileID: 3378108312655332539}
  - {fileID: 614305573410993585}
  m_Father: {fileID: 3646920475242757539}
  m_RootOrder: 0
  m_LocalEulerAnglesHint: {x: 0, y: 0, z: 0}
--- !u!33 &773990938216909755
MeshFilter:
  m_ObjectHideFlags: 0
  m_CorrespondingSourceObject: {fileID: 0}
  m_PrefabInstance: {fileID: 0}
  m_PrefabAsset: {fileID: 0}
  m_GameObject: {fileID: 4737113699285959582}
  m_Mesh: {fileID: 7823686024438285122, guid: e78133f936480f347b95914b69b43114, type: 3}
--- !u!23 &6449521641805428546
MeshRenderer:
  m_ObjectHideFlags: 0
  m_CorrespondingSourceObject: {fileID: 0}
  m_PrefabInstance: {fileID: 0}
  m_PrefabAsset: {fileID: 0}
  m_GameObject: {fileID: 4737113699285959582}
  m_Enabled: 1
  m_CastShadows: 1
  m_ReceiveShadows: 1
  m_DynamicOccludee: 1
  m_StaticShadowCaster: 0
  m_MotionVectors: 1
  m_LightProbeUsage: 1
  m_ReflectionProbeUsage: 1
  m_RayTracingMode: 2
  m_RayTraceProcedural: 0
  m_RenderingLayerMask: 257
  m_RendererPriority: 0
  m_Materials:
  - {fileID: 2100000, guid: 8f183176009677b4ba2a935f573477d7, type: 2}
  m_StaticBatchInfo:
    firstSubMesh: 0
    subMeshCount: 0
  m_StaticBatchRoot: {fileID: 0}
  m_ProbeAnchor: {fileID: 0}
  m_LightProbeVolumeOverride: {fileID: 0}
  m_ScaleInLightmap: 1
  m_ReceiveGI: 1
  m_PreserveUVs: 0
  m_IgnoreNormalsForChartDetection: 0
  m_ImportantGI: 0
  m_StitchLightmapSeams: 1
  m_SelectedEditorRenderState: 3
  m_MinimumChartSize: 4
  m_AutoUVMaxDistance: 0.5
  m_AutoUVMaxAngle: 89
  m_LightmapParameters: {fileID: 0}
  m_SortingLayerID: 0
  m_SortingLayer: 0
  m_SortingOrder: 0
  m_AdditionalVertexStreams: {fileID: 0}
--- !u!64 &1321035219973246345
MeshCollider:
  m_ObjectHideFlags: 0
  m_CorrespondingSourceObject: {fileID: 0}
  m_PrefabInstance: {fileID: 0}
  m_PrefabAsset: {fileID: 0}
  m_GameObject: {fileID: 4737113699285959582}
  m_Material: {fileID: 0}
  m_IsTrigger: 0
  m_Enabled: 1
  serializedVersion: 4
  m_Convex: 0
  m_CookingOptions: 30
  m_Mesh: {fileID: 7823686024438285122, guid: e78133f936480f347b95914b69b43114, type: 3}
--- !u!65 &6656845815678254445
BoxCollider:
  m_ObjectHideFlags: 0
  m_CorrespondingSourceObject: {fileID: 0}
  m_PrefabInstance: {fileID: 0}
  m_PrefabAsset: {fileID: 0}
  m_GameObject: {fileID: 4737113699285959582}
  m_Material: {fileID: 0}
  m_IsTrigger: 0
  m_Enabled: 1
  serializedVersion: 2
  m_Size: {x: 0.1, y: 5.4, z: 3.4}
  m_Center: {x: 0.75, y: 2.7, z: 0.9}
--- !u!65 &6753643756080899820
BoxCollider:
  m_ObjectHideFlags: 0
  m_CorrespondingSourceObject: {fileID: 0}
  m_PrefabInstance: {fileID: 0}
  m_PrefabAsset: {fileID: 0}
  m_GameObject: {fileID: 4737113699285959582}
  m_Material: {fileID: 0}
  m_IsTrigger: 0
  m_Enabled: 1
  serializedVersion: 2
  m_Size: {x: 1.4, y: 2.9, z: 0.1}
  m_Center: {x: 0, y: 3.95, z: 2.55}
--- !u!65 &6722006457506806401
BoxCollider:
  m_ObjectHideFlags: 0
  m_CorrespondingSourceObject: {fileID: 0}
  m_PrefabInstance: {fileID: 0}
  m_PrefabAsset: {fileID: 0}
  m_GameObject: {fileID: 4737113699285959582}
  m_Material: {fileID: 0}
  m_IsTrigger: 0
  m_Enabled: 1
  serializedVersion: 2
  m_Size: {x: 1.4, y: 5.4, z: 0.1}
  m_Center: {x: 0, y: 2.7, z: -0.75}
--- !u!65 &5759956070292807982
BoxCollider:
  m_ObjectHideFlags: 0
  m_CorrespondingSourceObject: {fileID: 0}
  m_PrefabInstance: {fileID: 0}
  m_PrefabAsset: {fileID: 0}
  m_GameObject: {fileID: 4737113699285959582}
  m_Material: {fileID: 0}
  m_IsTrigger: 0
  m_Enabled: 1
  serializedVersion: 2
  m_Size: {x: 0.1, y: 5.4, z: 3.4}
  m_Center: {x: -0.75, y: 2.7, z: 0.9}
--- !u!1 &4950185718281258002
GameObject:
  m_ObjectHideFlags: 0
  m_CorrespondingSourceObject: {fileID: 0}
  m_PrefabInstance: {fileID: 0}
  m_PrefabAsset: {fileID: 0}
  serializedVersion: 6
  m_Component:
  - component: {fileID: 4322924887209018939}
  - component: {fileID: 2636278052039478591}
  - component: {fileID: 9162550089535242435}
  m_Layer: 0
  m_Name: 003_static_ElevatorButtonDown
  m_TagString: Untagged
  m_Icon: {fileID: 0}
  m_NavMeshLayer: 0
  m_StaticEditorFlags: 0
  m_IsActive: 1
--- !u!4 &4322924887209018939
Transform:
  m_ObjectHideFlags: 0
  m_CorrespondingSourceObject: {fileID: 0}
  m_PrefabInstance: {fileID: 0}
  m_PrefabAsset: {fileID: 0}
  m_GameObject: {fileID: 4950185718281258002}
  m_LocalRotation: {x: -0, y: -0, z: 1, w: 0}
  m_LocalPosition: {x: 0.79299927, y: 1.2399998, z: 2.712}
  m_LocalScale: {x: 1, y: 1, z: 1}
  m_ConstrainProportionsScale: 0
  m_Children: []
  m_Father: {fileID: 8706879764637537273}
  m_RootOrder: 3
  m_LocalEulerAnglesHint: {x: 0, y: 0, z: 0}
--- !u!33 &2636278052039478591
MeshFilter:
  m_ObjectHideFlags: 0
  m_CorrespondingSourceObject: {fileID: 0}
  m_PrefabInstance: {fileID: 0}
  m_PrefabAsset: {fileID: 0}
  m_GameObject: {fileID: 4950185718281258002}
  m_Mesh: {fileID: 4300000, guid: c4d2ebae452e7554684f7b62b7ec8389, type: 2}
--- !u!23 &9162550089535242435
MeshRenderer:
  m_ObjectHideFlags: 0
  m_CorrespondingSourceObject: {fileID: 0}
  m_PrefabInstance: {fileID: 0}
  m_PrefabAsset: {fileID: 0}
  m_GameObject: {fileID: 4950185718281258002}
  m_Enabled: 1
  m_CastShadows: 1
  m_ReceiveShadows: 1
  m_DynamicOccludee: 1
  m_StaticShadowCaster: 0
  m_MotionVectors: 1
  m_LightProbeUsage: 1
  m_ReflectionProbeUsage: 1
  m_RayTracingMode: 2
  m_RayTraceProcedural: 0
  m_RenderingLayerMask: 257
  m_RendererPriority: 0
  m_Materials:
  - {fileID: 2100000, guid: f2aadbccf2be3e24c98605171bde8c65, type: 2}
  m_StaticBatchInfo:
    firstSubMesh: 0
    subMeshCount: 0
  m_StaticBatchRoot: {fileID: 0}
  m_ProbeAnchor: {fileID: 0}
  m_LightProbeVolumeOverride: {fileID: 0}
  m_ScaleInLightmap: 1
  m_ReceiveGI: 1
  m_PreserveUVs: 0
  m_IgnoreNormalsForChartDetection: 0
  m_ImportantGI: 0
  m_StitchLightmapSeams: 1
  m_SelectedEditorRenderState: 3
  m_MinimumChartSize: 4
  m_AutoUVMaxDistance: 0.5
  m_AutoUVMaxAngle: 89
  m_LightmapParameters: {fileID: 0}
  m_SortingLayerID: 0
  m_SortingLayer: 0
  m_SortingOrder: 0
  m_AdditionalVertexStreams: {fileID: 0}
--- !u!1 &5098963427661078040
GameObject:
  m_ObjectHideFlags: 0
  m_CorrespondingSourceObject: {fileID: 0}
  m_PrefabInstance: {fileID: 0}
  m_PrefabAsset: {fileID: 0}
  serializedVersion: 6
  m_Component:
  - component: {fileID: 5146579813626888197}
  m_Layer: 0
  m_Name: Level03
  m_TagString: Untagged
  m_Icon: {fileID: 0}
  m_NavMeshLayer: 0
  m_StaticEditorFlags: 0
  m_IsActive: 1
--- !u!4 &5146579813626888197
Transform:
  m_ObjectHideFlags: 0
  m_CorrespondingSourceObject: {fileID: 0}
  m_PrefabInstance: {fileID: 0}
  m_PrefabAsset: {fileID: 0}
  m_GameObject: {fileID: 5098963427661078040}
  m_LocalRotation: {x: 0, y: 0, z: 0, w: 1}
  m_LocalPosition: {x: 0, y: 0, z: 0}
  m_LocalScale: {x: 1, y: 1, z: 1}
  m_ConstrainProportionsScale: 0
  m_Children:
  - {fileID: 2568488537212914606}
  - {fileID: 7756311623185478058}
  - {fileID: 1411037696362646361}
  - {fileID: 3457257716815506786}
  - {fileID: 8039031231872614197}
  - {fileID: 8537214554109373183}
  m_Father: {fileID: 112936831932009484}
  m_RootOrder: 1
  m_LocalEulerAnglesHint: {x: 0, y: 0, z: 0}
--- !u!1 &5496150069090773667
GameObject:
  m_ObjectHideFlags: 0
  m_CorrespondingSourceObject: {fileID: 0}
  m_PrefabInstance: {fileID: 0}
  m_PrefabAsset: {fileID: 0}
  serializedVersion: 6
  m_Component:
  - component: {fileID: 1411037696362646361}
  - component: {fileID: 7899589468250846241}
  - component: {fileID: 4987402083869245305}
  m_Layer: 0
  m_Name: 002_static_ElevatorButtonUp
  m_TagString: Untagged
  m_Icon: {fileID: 0}
  m_NavMeshLayer: 0
  m_StaticEditorFlags: 0
  m_IsActive: 1
--- !u!4 &1411037696362646361
Transform:
  m_ObjectHideFlags: 0
  m_CorrespondingSourceObject: {fileID: 0}
  m_PrefabInstance: {fileID: 0}
  m_PrefabAsset: {fileID: 0}
  m_GameObject: {fileID: 5496150069090773667}
  m_LocalRotation: {x: -0, y: -0, z: -0, w: 1}
  m_LocalPosition: {x: 0.79299927, y: 1.3900003, z: 2.712}
  m_LocalScale: {x: 1, y: 1, z: 1}
  m_ConstrainProportionsScale: 0
  m_Children: []
  m_Father: {fileID: 5146579813626888197}
  m_RootOrder: 2
  m_LocalEulerAnglesHint: {x: 0, y: 0, z: 0}
--- !u!33 &7899589468250846241
MeshFilter:
  m_ObjectHideFlags: 0
  m_CorrespondingSourceObject: {fileID: 0}
  m_PrefabInstance: {fileID: 0}
  m_PrefabAsset: {fileID: 0}
  m_GameObject: {fileID: 5496150069090773667}
  m_Mesh: {fileID: 4300000, guid: 7197add7e34c99542a34863ed219a6e6, type: 2}
--- !u!23 &4987402083869245305
MeshRenderer:
  m_ObjectHideFlags: 0
  m_CorrespondingSourceObject: {fileID: 0}
  m_PrefabInstance: {fileID: 0}
  m_PrefabAsset: {fileID: 0}
  m_GameObject: {fileID: 5496150069090773667}
  m_Enabled: 1
  m_CastShadows: 1
  m_ReceiveShadows: 1
  m_DynamicOccludee: 1
  m_StaticShadowCaster: 0
  m_MotionVectors: 1
  m_LightProbeUsage: 1
  m_ReflectionProbeUsage: 1
  m_RayTracingMode: 2
  m_RayTraceProcedural: 0
  m_RenderingLayerMask: 257
  m_RendererPriority: 0
  m_Materials:
  - {fileID: 2100000, guid: f2aadbccf2be3e24c98605171bde8c65, type: 2}
  m_StaticBatchInfo:
    firstSubMesh: 0
    subMeshCount: 0
  m_StaticBatchRoot: {fileID: 0}
  m_ProbeAnchor: {fileID: 0}
  m_LightProbeVolumeOverride: {fileID: 0}
  m_ScaleInLightmap: 1
  m_ReceiveGI: 1
  m_PreserveUVs: 0
  m_IgnoreNormalsForChartDetection: 0
  m_ImportantGI: 0
  m_StitchLightmapSeams: 1
  m_SelectedEditorRenderState: 3
  m_MinimumChartSize: 4
  m_AutoUVMaxDistance: 0.5
  m_AutoUVMaxAngle: 89
  m_LightmapParameters: {fileID: 0}
  m_SortingLayerID: 0
  m_SortingLayer: 0
  m_SortingOrder: 0
  m_AdditionalVertexStreams: {fileID: 0}
--- !u!1 &5624992198127141124
GameObject:
  m_ObjectHideFlags: 0
  m_CorrespondingSourceObject: {fileID: 0}
  m_PrefabInstance: {fileID: 0}
  m_PrefabAsset: {fileID: 0}
  serializedVersion: 6
  m_Component:
  - component: {fileID: 3852088740387471700}
  - component: {fileID: 7442510786667007916}
  - component: {fileID: 4887651718374165784}
  m_Layer: 0
  m_Name: 001_static_StaircaseElevatorCageMarble
  m_TagString: Untagged
  m_Icon: {fileID: 0}
  m_NavMeshLayer: 0
  m_StaticEditorFlags: 0
  m_IsActive: 1
--- !u!4 &3852088740387471700
Transform:
  m_ObjectHideFlags: 0
  m_CorrespondingSourceObject: {fileID: 0}
  m_PrefabInstance: {fileID: 0}
  m_PrefabAsset: {fileID: 0}
  m_GameObject: {fileID: 5624992198127141124}
  m_LocalRotation: {x: -0, y: -0, z: -0, w: 1}
  m_LocalPosition: {x: 0, y: 0, z: 0}
  m_LocalScale: {x: 1, y: 1, z: 1}
  m_ConstrainProportionsScale: 0
  m_Children: []
  m_Father: {fileID: 8706879764637537273}
  m_RootOrder: 1
  m_LocalEulerAnglesHint: {x: 0, y: 0, z: 0}
--- !u!33 &7442510786667007916
MeshFilter:
  m_ObjectHideFlags: 0
  m_CorrespondingSourceObject: {fileID: 0}
  m_PrefabInstance: {fileID: 0}
  m_PrefabAsset: {fileID: 0}
  m_GameObject: {fileID: 5624992198127141124}
  m_Mesh: {fileID: 4300000, guid: c8b0f97b95d27584991e80e5ea0de08f, type: 2}
--- !u!23 &4887651718374165784
MeshRenderer:
  m_ObjectHideFlags: 0
  m_CorrespondingSourceObject: {fileID: 0}
  m_PrefabInstance: {fileID: 0}
  m_PrefabAsset: {fileID: 0}
  m_GameObject: {fileID: 5624992198127141124}
  m_Enabled: 1
  m_CastShadows: 1
  m_ReceiveShadows: 1
  m_DynamicOccludee: 1
  m_StaticShadowCaster: 0
  m_MotionVectors: 1
  m_LightProbeUsage: 1
  m_ReflectionProbeUsage: 1
  m_RayTracingMode: 2
  m_RayTraceProcedural: 0
  m_RenderingLayerMask: 257
  m_RendererPriority: 0
  m_Materials:
  - {fileID: 2100000, guid: 8f183176009677b4ba2a935f573477d7, type: 2}
  m_StaticBatchInfo:
    firstSubMesh: 0
    subMeshCount: 0
  m_StaticBatchRoot: {fileID: 0}
  m_ProbeAnchor: {fileID: 0}
  m_LightProbeVolumeOverride: {fileID: 0}
  m_ScaleInLightmap: 1
  m_ReceiveGI: 1
  m_PreserveUVs: 0
  m_IgnoreNormalsForChartDetection: 0
  m_ImportantGI: 0
  m_StitchLightmapSeams: 1
  m_SelectedEditorRenderState: 3
  m_MinimumChartSize: 4
  m_AutoUVMaxDistance: 0.5
  m_AutoUVMaxAngle: 89
  m_LightmapParameters: {fileID: 0}
  m_SortingLayerID: 0
  m_SortingLayer: 0
  m_SortingOrder: 0
  m_AdditionalVertexStreams: {fileID: 0}
--- !u!1 &5792018277626732521
GameObject:
  m_ObjectHideFlags: 0
  m_CorrespondingSourceObject: {fileID: 0}
  m_PrefabInstance: {fileID: 0}
  m_PrefabAsset: {fileID: 0}
  serializedVersion: 6
  m_Component:
  - component: {fileID: 7112099163634989772}
  - component: {fileID: 2622663713771781170}
  - component: {fileID: 7522016256444928180}
  m_Layer: 0
  m_Name: 004_static_SlatDoor
  m_TagString: Untagged
  m_Icon: {fileID: 0}
  m_NavMeshLayer: 0
  m_StaticEditorFlags: 0
  m_IsActive: 1
--- !u!4 &7112099163634989772
Transform:
  m_ObjectHideFlags: 0
  m_CorrespondingSourceObject: {fileID: 0}
  m_PrefabInstance: {fileID: 0}
  m_PrefabAsset: {fileID: 0}
  m_GameObject: {fileID: 5792018277626732521}
  m_LocalRotation: {x: -0, y: -0, z: -0, w: 1}
  m_LocalPosition: {x: 0.65999985, y: 0, z: 2.565}
  m_LocalScale: {x: 1, y: 1, z: 1}
  m_ConstrainProportionsScale: 0
  m_Children: []
  m_Father: {fileID: 8706879764637537273}
  m_RootOrder: 4
  m_LocalEulerAnglesHint: {x: 0, y: 0, z: 0}
--- !u!33 &2622663713771781170
MeshFilter:
  m_ObjectHideFlags: 0
  m_CorrespondingSourceObject: {fileID: 0}
  m_PrefabInstance: {fileID: 0}
  m_PrefabAsset: {fileID: 0}
  m_GameObject: {fileID: 5792018277626732521}
  m_Mesh: {fileID: 4300000, guid: afd244d5ff23f2747b1d74c609291de0, type: 2}
--- !u!23 &7522016256444928180
MeshRenderer:
  m_ObjectHideFlags: 0
  m_CorrespondingSourceObject: {fileID: 0}
  m_PrefabInstance: {fileID: 0}
  m_PrefabAsset: {fileID: 0}
  m_GameObject: {fileID: 5792018277626732521}
  m_Enabled: 1
  m_CastShadows: 1
  m_ReceiveShadows: 1
  m_DynamicOccludee: 1
  m_StaticShadowCaster: 0
  m_MotionVectors: 1
  m_LightProbeUsage: 1
  m_ReflectionProbeUsage: 1
  m_RayTracingMode: 2
  m_RayTraceProcedural: 0
  m_RenderingLayerMask: 257
  m_RendererPriority: 0
  m_Materials:
  - {fileID: 2100000, guid: c2b7b12eb332c0b4891a28a4b77afb3d, type: 2}
  m_StaticBatchInfo:
    firstSubMesh: 0
    subMeshCount: 0
  m_StaticBatchRoot: {fileID: 0}
  m_ProbeAnchor: {fileID: 0}
  m_LightProbeVolumeOverride: {fileID: 0}
  m_ScaleInLightmap: 1
  m_ReceiveGI: 1
  m_PreserveUVs: 0
  m_IgnoreNormalsForChartDetection: 0
  m_ImportantGI: 0
  m_StitchLightmapSeams: 1
  m_SelectedEditorRenderState: 3
  m_MinimumChartSize: 4
  m_AutoUVMaxDistance: 0.5
  m_AutoUVMaxAngle: 89
  m_LightmapParameters: {fileID: 0}
  m_SortingLayerID: 0
  m_SortingLayer: 0
  m_SortingOrder: 0
  m_AdditionalVertexStreams: {fileID: 0}
--- !u!1 &7115664211157023730
GameObject:
  m_ObjectHideFlags: 0
  m_CorrespondingSourceObject: {fileID: 0}
  m_PrefabInstance: {fileID: 0}
  m_PrefabAsset: {fileID: 0}
  serializedVersion: 6
  m_Component:
  - component: {fileID: 3646920475242757539}
  - component: {fileID: 7048940228370326970}
  - component: {fileID: 2572054680527356199}
  - component: {fileID: 8953428004269803392}
  - component: {fileID: 1344055833385690016}
  - component: {fileID: 5691036815691761045}
  - component: {fileID: 2610865420877794}
  m_Layer: 0
  m_Name: MarbleStaircaseInverted
  m_TagString: Untagged
  m_Icon: {fileID: 0}
  m_NavMeshLayer: 0
  m_StaticEditorFlags: 4294967295
  m_IsActive: 1
--- !u!4 &3646920475242757539
Transform:
  m_ObjectHideFlags: 0
  m_CorrespondingSourceObject: {fileID: 0}
  m_PrefabInstance: {fileID: 0}
  m_PrefabAsset: {fileID: 0}
  m_GameObject: {fileID: 7115664211157023730}
  m_LocalRotation: {x: -0, y: -0, z: -0, w: 1}
  m_LocalPosition: {x: 17.89, y: -16.78, z: 0}
  m_LocalScale: {x: -1, y: 1, z: 1}
  m_ConstrainProportionsScale: 0
  m_Children:
  - {fileID: 8639806340354896269}
  - {fileID: 112936831932009484}
  m_Father: {fileID: 0}
  m_RootOrder: 0
  m_LocalEulerAnglesHint: {x: 0, y: 0, z: 0}
--- !u!33 &7048940228370326970
MeshFilter:
  m_ObjectHideFlags: 0
  m_CorrespondingSourceObject: {fileID: 0}
  m_PrefabInstance: {fileID: 0}
  m_PrefabAsset: {fileID: 0}
  m_GameObject: {fileID: 7115664211157023730}
  m_Mesh: {fileID: -5510777204095002465, guid: f31a7ad10ecbc9649aa53723c222d715, type: 3}
--- !u!23 &2572054680527356199
MeshRenderer:
  m_ObjectHideFlags: 0
  m_CorrespondingSourceObject: {fileID: 0}
  m_PrefabInstance: {fileID: 0}
  m_PrefabAsset: {fileID: 0}
  m_GameObject: {fileID: 7115664211157023730}
  m_Enabled: 1
  m_CastShadows: 0
  m_ReceiveShadows: 1
  m_DynamicOccludee: 1
  m_StaticShadowCaster: 0
  m_MotionVectors: 1
  m_LightProbeUsage: 1
  m_ReflectionProbeUsage: 1
  m_RayTracingMode: 2
  m_RayTraceProcedural: 0
  m_RenderingLayerMask: 3
  m_RendererPriority: 0
  m_Materials:
  - {fileID: 2100000, guid: 8e733d666ce7f894dacb87d6db43d26f, type: 2}
  m_StaticBatchInfo:
    firstSubMesh: 0
    subMeshCount: 0
  m_StaticBatchRoot: {fileID: 0}
  m_ProbeAnchor: {fileID: 0}
  m_LightProbeVolumeOverride: {fileID: 0}
  m_ScaleInLightmap: 1
  m_ReceiveGI: 1
  m_PreserveUVs: 0
  m_IgnoreNormalsForChartDetection: 0
  m_ImportantGI: 0
  m_StitchLightmapSeams: 0
  m_SelectedEditorRenderState: 3
  m_MinimumChartSize: 4
  m_AutoUVMaxDistance: 0.5
  m_AutoUVMaxAngle: 89
  m_LightmapParameters: {fileID: 0}
  m_SortingLayerID: 0
  m_SortingLayer: 0
  m_SortingOrder: 0
  m_AdditionalVertexStreams: {fileID: 0}
--- !u!64 &8953428004269803392
MeshCollider:
  m_ObjectHideFlags: 0
  m_CorrespondingSourceObject: {fileID: 0}
  m_PrefabInstance: {fileID: 0}
  m_PrefabAsset: {fileID: 0}
  m_GameObject: {fileID: 7115664211157023730}
  m_Material: {fileID: 0}
  m_IsTrigger: 0
  m_Enabled: 1
  serializedVersion: 4
  m_Convex: 0
  m_CookingOptions: 30
  m_Mesh: {fileID: 4569475317265682061, guid: a4214531bc0f7b148aadcefb5b654a8f, type: 3}
--- !u!114 &1344055833385690016
MonoBehaviour:
  m_ObjectHideFlags: 0
  m_CorrespondingSourceObject: {fileID: 0}
  m_PrefabInstance: {fileID: 0}
  m_PrefabAsset: {fileID: 0}
  m_GameObject: {fileID: 7115664211157023730}
  m_Enabled: 1
  m_EditorHideFlags: 0
  m_Script: {fileID: 11500000, guid: 9f4769dab59c42f4c8f58f75df00d3e3, type: 3}
  m_Name: 
  m_EditorClassIdentifier: 
  concrete: 0
  plaster: 0
  wood: 0
  carpet: 0
  tile: 1
  metal: 0
  glass: 0
  fabric: 0
--- !u!114 &5691036815691761045
MonoBehaviour:
  m_ObjectHideFlags: 0
  m_CorrespondingSourceObject: {fileID: 0}
  m_PrefabInstance: {fileID: 0}
  m_PrefabAsset: {fileID: 0}
  m_GameObject: {fileID: 7115664211157023730}
  m_Enabled: 1
  m_EditorHideFlags: 0
  m_Script: {fileID: 11500000, guid: 8a054274092705d47b8cc27f27aab3bc, type: 3}
  m_Name: 
  m_EditorClassIdentifier: 
  dataContainer:
    objectsHistory:
      gameObject: {fileID: 7115664211157023730}
      undoOperations: []
      redoOperations: []
    objectMeshPairs:
      _Buckets: 10000000ffffffff0c000000ffffffff01000000ffffffffffffffffffffffff0900000008000000ffffffff00000000ffffffffffffffffffffffffffffffff0e000000ffffffffffffffffffffffffffffffff11000000050000000f00000007000000ffffffff03000000ffffffff0b000000ffffffffffffffff06000000ffffffffffffffff0a0000000d000000ffffffff
      _HashCodes: 2c5f1c00005f1c00ca5e1c00cc5e1c00fc5e1c00125f1c00405f1c00145f1c00e05e1c00045f1c001e5f1c00ce5e1c00fe5e1c00fa5e1c000c5f1c00ee5e1c00465f1c00365f1c0000000000000000000000000000000000000000000000000000000000000000000000000000000000000000000000000000000000000000000000000000000000000000000000000000000000
      _Next: ffffffffffffffffffffffffffffffffffffffffffffffffffffffff02000000ffffffffffffffffffffffffffffffffffffffffffffffffffffffffffffffff04000000ffffffff00000000000000000000000000000000000000000000000000000000000000000000000000000000000000000000000000000000000000000000000000000000000000000000000000000000
      _Count: 18
      _Version: 18
      _FreeList: -1
      _FreeCount: 0
      _Keys:
      - {fileID: 7115664211157023730}
      - {fileID: 4737113699285959582}
      - {fileID: 1727922416439657768}
      - {fileID: 1781783074846766760}
      - {fileID: 4529823473096361890}
      - {fileID: 5619585671122317180}
      - {fileID: 7984810564264230941}
      - {fileID: 5624992198127141124}
      - {fileID: 2594821414561850071}
      - {fileID: 4950185718281258002}
      - {fileID: 5792018277626732521}
      - {fileID: 1794231338553364775}
      - {fileID: 4661288529265180072}
      - {fileID: 4516396812432668991}
      - {fileID: 5496150069090773667}
      - {fileID: 3678623156811137337}
      - {fileID: 8216881815337983069}
      - {fileID: 7600222559834387875}
      - {fileID: 0}
      - {fileID: 0}
      - {fileID: 0}
      - {fileID: 0}
      - {fileID: 0}
      - {fileID: 0}
      - {fileID: 0}
      - {fileID: 0}
      - {fileID: 0}
      - {fileID: 0}
      - {fileID: 0}
      - {fileID: 0}
      - {fileID: 0}
      - {fileID: 0}
      - {fileID: 0}
      - {fileID: 0}
      - {fileID: 0}
      - {fileID: 0}
      - {fileID: 0}
      _Values:
      - attachedToMeshFilter: 1
        mesh: {fileID: -5510777204095002465, guid: f31a7ad10ecbc9649aa53723c222d715,
          type: 3}
      - attachedToMeshFilter: 1
        mesh: {fileID: 7823686024438285122, guid: e78133f936480f347b95914b69b43114,
          type: 3}
      - attachedToMeshFilter: 1
        mesh: {fileID: 7564514512168164140, guid: 52f8bf851ad05ba4ab5d013083c0d0a9,
          type: 3}
      - attachedToMeshFilter: 1
        mesh: {fileID: 7564514512168164140, guid: 52f8bf851ad05ba4ab5d013083c0d0a9,
          type: 3}
      - attachedToMeshFilter: 1
        mesh: {fileID: -3850843135819922525, guid: e0395e8065d946b44805b87fed676978,
          type: 3}
      - attachedToMeshFilter: 1
        mesh: {fileID: 10210, guid: 0000000000000000e000000000000000, type: 0}
      - attachedToMeshFilter: 1
        mesh: {fileID: 4300000, guid: e5c21a8adb1ecbb458e6d48823cf6e41, type: 2}
      - attachedToMeshFilter: 1
        mesh: {fileID: 4300000, guid: c8b0f97b95d27584991e80e5ea0de08f, type: 2}
      - attachedToMeshFilter: 1
        mesh: {fileID: 4300000, guid: 80ea9af9dbbc3744e847428e4e69b22f, type: 2}
      - attachedToMeshFilter: 1
        mesh: {fileID: 4300000, guid: c4d2ebae452e7554684f7b62b7ec8389, type: 2}
      - attachedToMeshFilter: 1
        mesh: {fileID: 4300000, guid: afd244d5ff23f2747b1d74c609291de0, type: 2}
      - attachedToMeshFilter: 1
        mesh: {fileID: 4300000, guid: 533d657894f031848ad76637246598ab, type: 2}
      - attachedToMeshFilter: 1
        mesh: {fileID: 4300000, guid: eb57401c0010a734c906c49c76134175, type: 2}
      - attachedToMeshFilter: 1
        mesh: {fileID: 4300000, guid: 078965722100c0e4ea13433be3499695, type: 2}
      - attachedToMeshFilter: 1
        mesh: {fileID: 4300000, guid: 7197add7e34c99542a34863ed219a6e6, type: 2}
      - attachedToMeshFilter: 1
        mesh: {fileID: 4300000, guid: a4c345874ece48e4180c3fae094b7fb9, type: 2}
      - attachedToMeshFilter: 1
        mesh: {fileID: 4300000, guid: f30a7ab52bd37b54baf57c2460abf286, type: 2}
      - attachedToMeshFilter: 1
        mesh: {fileID: 4300000, guid: 6a30bcbdfe639b540ae214b593cf43f4, type: 2}
      - attachedToMeshFilter: 0
        mesh: {fileID: 0}
      - attachedToMeshFilter: 0
        mesh: {fileID: 0}
      - attachedToMeshFilter: 0
        mesh: {fileID: 0}
      - attachedToMeshFilter: 0
        mesh: {fileID: 0}
      - attachedToMeshFilter: 0
        mesh: {fileID: 0}
      - attachedToMeshFilter: 0
        mesh: {fileID: 0}
      - attachedToMeshFilter: 0
        mesh: {fileID: 0}
      - attachedToMeshFilter: 0
        mesh: {fileID: 0}
      - attachedToMeshFilter: 0
        mesh: {fileID: 0}
      - attachedToMeshFilter: 0
        mesh: {fileID: 0}
      - attachedToMeshFilter: 0
        mesh: {fileID: 0}
      - attachedToMeshFilter: 0
        mesh: {fileID: 0}
      - attachedToMeshFilter: 0
        mesh: {fileID: 0}
      - attachedToMeshFilter: 0
        mesh: {fileID: 0}
      - attachedToMeshFilter: 0
        mesh: {fileID: 0}
      - attachedToMeshFilter: 0
        mesh: {fileID: 0}
      - attachedToMeshFilter: 0
        mesh: {fileID: 0}
      - attachedToMeshFilter: 0
        mesh: {fileID: 0}
      - attachedToMeshFilter: 0
        mesh: {fileID: 0}
    currentLodLevelSettings:
    - reductionStrength: 0
      transitionHeight: 0.6
      preserveUVFoldover: 0
      preserveUVSeams: 0
      preserveBorders: 0
      useEdgeSort: 1
      recalculateNormals: 0
      aggressiveness: 7
      maxIterations: 100
      regardCurvature: 0
      regardTolerance: 0
      combineMeshes: 0
      simplificationOptionsFoldout: 0
      intensityFoldout: 0
      sphereIntensities: []
    - reductionStrength: 30
      transitionHeight: 0.4
      preserveUVFoldover: 0
      preserveUVSeams: 1
      preserveBorders: 0
      useEdgeSort: 1
      recalculateNormals: 1
      aggressiveness: 7
      maxIterations: 100
      regardCurvature: 1
      regardTolerance: 0
      combineMeshes: 0
      simplificationOptionsFoldout: 1
      intensityFoldout: 0
      sphereIntensities: []
    - reductionStrength: 92
      transitionHeight: 0.15
      preserveUVFoldover: 0
      preserveUVSeams: 1
      preserveBorders: 0
      useEdgeSort: 1
      recalculateNormals: 1
      aggressiveness: 7
      maxIterations: 100
      regardCurvature: 1
      regardTolerance: 0
      combineMeshes: 0
      simplificationOptionsFoldout: 1
      intensityFoldout: 0
      sphereIntensities: []
    toleranceSpheres: []
    lodBackup:
      originalRenderers: []
      lodParentObject: {fileID: 1412829587773505856}
    textureArraysSettings:
      diffuseArraySettings:
        resolution:
          width: 512
          height: 512
        filteringMode: 0
        compressionType: 0
        compressionQuality: 1
        anisotropicFilteringLevel: 1
        choiceResolutionW: 4
        choiceResolutionH: 4
        choiceFilteringMode: 0
        choiceCompressionQuality: 1
        choiceCompressionType: 0
      metallicArraySettings:
        resolution:
          width: 512
          height: 512
        filteringMode: 0
        compressionType: 0
        compressionQuality: 1
        anisotropicFilteringLevel: 1
        choiceResolutionW: 4
        choiceResolutionH: 4
        choiceFilteringMode: 0
        choiceCompressionQuality: 1
        choiceCompressionType: 0
      specularArraySettings:
        resolution:
          width: 512
          height: 512
        filteringMode: 0
        compressionType: 0
        compressionQuality: 1
        anisotropicFilteringLevel: 1
        choiceResolutionW: 4
        choiceResolutionH: 4
        choiceFilteringMode: 0
        choiceCompressionQuality: 1
        choiceCompressionType: 0
      normalArraySettings:
        resolution:
          width: 512
          height: 512
        filteringMode: 0
        compressionType: 0
        compressionQuality: 1
        anisotropicFilteringLevel: 1
        choiceResolutionW: 4
        choiceResolutionH: 4
        choiceFilteringMode: 0
        choiceCompressionQuality: 1
        choiceCompressionType: 0
      heightArraySettings:
        resolution:
          width: 512
          height: 512
        filteringMode: 0
        compressionType: 0
        compressionQuality: 1
        anisotropicFilteringLevel: 1
        choiceResolutionW: 4
        choiceResolutionH: 4
        choiceFilteringMode: 0
        choiceCompressionQuality: 1
        choiceCompressionType: 0
      occlusionArraySettings:
        resolution:
          width: 512
          height: 512
        filteringMode: 0
        compressionType: 0
        compressionQuality: 1
        anisotropicFilteringLevel: 1
        choiceResolutionW: 4
        choiceResolutionH: 4
        choiceFilteringMode: 0
        choiceCompressionQuality: 1
        choiceCompressionType: 0
      emissiveArraySettings:
        resolution:
          width: 512
          height: 512
        filteringMode: 0
        compressionType: 0
        compressionQuality: 1
        anisotropicFilteringLevel: 1
        choiceResolutionW: 4
        choiceResolutionH: 4
        choiceFilteringMode: 0
        choiceCompressionQuality: 1
        choiceCompressionType: 0
      detailMaskArraySettings:
        resolution:
          width: 512
          height: 512
        filteringMode: 0
        compressionType: 0
        compressionQuality: 1
        anisotropicFilteringLevel: 1
        choiceResolutionW: 4
        choiceResolutionH: 4
        choiceFilteringMode: 0
        choiceCompressionQuality: 1
        choiceCompressionType: 0
      detailAlbedoArraySettings:
        resolution:
          width: 512
          height: 512
        filteringMode: 0
        compressionType: 0
        compressionQuality: 1
        anisotropicFilteringLevel: 1
        choiceResolutionW: 4
        choiceResolutionH: 4
        choiceFilteringMode: 0
        choiceCompressionQuality: 1
        choiceCompressionType: 0
      detailNormalArraySettings:
        resolution:
          width: 512
          height: 512
        filteringMode: 0
        compressionType: 0
        compressionQuality: 1
        anisotropicFilteringLevel: 1
        choiceResolutionW: 4
        choiceResolutionH: 4
        choiceFilteringMode: 0
        choiceCompressionQuality: 1
        choiceCompressionType: 0
    materialsToRestore: []
    lastObjMaterialLinks: {fileID: 0}
    relocateMaterialLinks: 0
    reInitializeTempMatProps: 0
    choiceTextureMap: 0
    choiceDiffuseColorSpace: 0
    batchFewSavePath: 
    existingTextureArrays: []
    existingTextureArraysFoldout: 0
    existingTextureArraysSize: 0
    textureArraysPropsFoldout: 0
    existingArraysProps:
      resolution:
        width: 0
        height: 0
      filteringMode: 0
      compressionType: 0
      compressionQuality: 0
      anisotropicFilteringLevel: 0
      choiceResolutionW: 0
      choiceResolutionH: 0
      choiceFilteringMode: 0
      choiceCompressionQuality: 0
      choiceCompressionType: 0
    choiceColorSpace: 0
    preserveBorders: 0
    preserveUVSeams: 1
    preserveUVFoldover: 0
    useEdgeSort: 1
    recalculateNormals: 1
    maxIterations: 100
    aggressiveness: 7
    regardCurvature: 1
    considerChildren: 1
    isPreservationActive: 0
    sphereDiameter: 0.5
    oldSphereScale: {x: 0, y: 0, z: 0}
    reductionStrength: 0
    reductionPending: 0
    prevFeasibleTarget: {fileID: 7115664211157023730}
    runOnThreads: 1
    triangleCount: 6401
    lastDrawer: {fileID: 0}
    foldoutAutoLOD: 0
    foldoutBatchFew: 0
    foldoutAutoLODMultiple: 0
    objPositionPrevFrame: {x: 17.89, y: -16.78, z: 0}
    objScalePrevFrame: {x: -1, y: 1, z: 1}
    considerChildrenBatchFew: 1
    autoLODSavePath: 
    foldoutAdditionalOpts: 0
    generateUV2LODs: 0
    copyParentStaticFlags: 0
    copyParentTag: 0
    copyParentLayer: 0
    createAsChildren: 0
    removeLODBackupComponent: 0
    generateUV2batchfew: 0
    removeMaterialLinksComponent: 0
    clearBlendshapesComplete: 0
    clearBlendshapesNormals: 0
    clearBlendshapesTangents: 0
    isPlainSkin: 0
--- !u!205 &2610865420877794
LODGroup:
  m_ObjectHideFlags: 0
  m_CorrespondingSourceObject: {fileID: 0}
  m_PrefabInstance: {fileID: 0}
  m_PrefabAsset: {fileID: 0}
  m_GameObject: {fileID: 7115664211157023730}
  serializedVersion: 2
  m_LocalReferencePoint: {x: 0, y: 3.0500002, z: 0.0622499}
  m_Size: 6.3
  m_FadeMode: 0
  m_AnimateCrossFading: 0
  m_LastLODIsBillboard: 0
  m_LODs:
  - screenRelativeHeight: 0.20484707
    fadeTransitionWidth: 0
    renderers:
    - renderer: {fileID: 2572054680527356199}
    - renderer: {fileID: 6449521641805428546}
    - renderer: {fileID: 1136602848620982772}
    - renderer: {fileID: 37995035707916916}
    - renderer: {fileID: 2801798062718104446}
    - renderer: {fileID: 5619585671122317171}
  - screenRelativeHeight: 0.10030664
    fadeTransitionWidth: 0
    renderers:
    - renderer: {fileID: 51678280266570810}
    - renderer: {fileID: 4887651718374165784}
    - renderer: {fileID: 9216423393577191396}
    - renderer: {fileID: 9162550089535242435}
    - renderer: {fileID: 7522016256444928180}
    - renderer: {fileID: 8709233934049215032}
  - screenRelativeHeight: 0.017494729
    fadeTransitionWidth: 0
    renderers:
    - renderer: {fileID: 4269609942322691874}
    - renderer: {fileID: 7266683177167201673}
    - renderer: {fileID: 4987402083869245305}
    - renderer: {fileID: 1072065284926680625}
    - renderer: {fileID: 1998802612330354743}
    - renderer: {fileID: 1395660838748675749}
  m_Enabled: 1
--- !u!1 &7600222559834387875
GameObject:
  m_ObjectHideFlags: 0
  m_CorrespondingSourceObject: {fileID: 0}
  m_PrefabInstance: {fileID: 0}
  m_PrefabAsset: {fileID: 0}
  serializedVersion: 6
  m_Component:
  - component: {fileID: 8537214554109373183}
  - component: {fileID: 464306289409481436}
  - component: {fileID: 1395660838748675749}
  m_Layer: 0
  m_Name: 005_static_Meshing
  m_TagString: Untagged
  m_Icon: {fileID: 0}
  m_NavMeshLayer: 0
  m_StaticEditorFlags: 0
  m_IsActive: 1
--- !u!4 &8537214554109373183
Transform:
  m_ObjectHideFlags: 0
  m_CorrespondingSourceObject: {fileID: 0}
  m_PrefabInstance: {fileID: 0}
  m_PrefabAsset: {fileID: 0}
  m_GameObject: {fileID: 7600222559834387875}
  m_LocalRotation: {x: -0, y: -0, z: -0, w: 1}
  m_LocalPosition: {x: -0.028999329, y: 1.25, z: 2.54}
  m_LocalScale: {x: 1.317, y: 2.5, z: 1}
  m_ConstrainProportionsScale: 0
  m_Children: []
  m_Father: {fileID: 5146579813626888197}
  m_RootOrder: 5
  m_LocalEulerAnglesHint: {x: 0, y: 0, z: 0}
--- !u!33 &464306289409481436
MeshFilter:
  m_ObjectHideFlags: 0
  m_CorrespondingSourceObject: {fileID: 0}
  m_PrefabInstance: {fileID: 0}
  m_PrefabAsset: {fileID: 0}
  m_GameObject: {fileID: 7600222559834387875}
  m_Mesh: {fileID: 4300000, guid: 6a30bcbdfe639b540ae214b593cf43f4, type: 2}
--- !u!23 &1395660838748675749
MeshRenderer:
  m_ObjectHideFlags: 0
  m_CorrespondingSourceObject: {fileID: 0}
  m_PrefabInstance: {fileID: 0}
  m_PrefabAsset: {fileID: 0}
  m_GameObject: {fileID: 7600222559834387875}
  m_Enabled: 1
  m_CastShadows: 1
  m_ReceiveShadows: 1
  m_DynamicOccludee: 1
  m_StaticShadowCaster: 0
  m_MotionVectors: 1
  m_LightProbeUsage: 1
  m_ReflectionProbeUsage: 1
  m_RayTracingMode: 2
  m_RayTraceProcedural: 0
  m_RenderingLayerMask: 257
  m_RendererPriority: 0
  m_Materials:
  - {fileID: 2100000, guid: 7013a84535a06274b82c150e57da0539, type: 2}
  m_StaticBatchInfo:
    firstSubMesh: 0
    subMeshCount: 0
  m_StaticBatchRoot: {fileID: 0}
  m_ProbeAnchor: {fileID: 0}
  m_LightProbeVolumeOverride: {fileID: 0}
  m_ScaleInLightmap: 1
  m_ReceiveGI: 1
  m_PreserveUVs: 0
  m_IgnoreNormalsForChartDetection: 0
  m_ImportantGI: 0
  m_StitchLightmapSeams: 1
  m_SelectedEditorRenderState: 3
  m_MinimumChartSize: 4
  m_AutoUVMaxDistance: 0.5
  m_AutoUVMaxAngle: 89
  m_LightmapParameters: {fileID: 0}
  m_SortingLayerID: 0
  m_SortingLayer: 0
  m_SortingOrder: 0
  m_AdditionalVertexStreams: {fileID: 0}
--- !u!1 &7984810564264230941
GameObject:
  m_ObjectHideFlags: 0
  m_CorrespondingSourceObject: {fileID: 0}
  m_PrefabInstance: {fileID: 0}
  m_PrefabAsset: {fileID: 0}
  serializedVersion: 6
  m_Component:
  - component: {fileID: 8190970420618196964}
  - component: {fileID: 4397285995086279301}
  - component: {fileID: 51678280266570810}
  m_Layer: 0
  m_Name: 000_static_MarbleStaircaseInverted
  m_TagString: Untagged
  m_Icon: {fileID: 0}
  m_NavMeshLayer: 0
  m_StaticEditorFlags: 0
  m_IsActive: 1
--- !u!4 &8190970420618196964
Transform:
  m_ObjectHideFlags: 0
  m_CorrespondingSourceObject: {fileID: 0}
  m_PrefabInstance: {fileID: 0}
  m_PrefabAsset: {fileID: 0}
  m_GameObject: {fileID: 7984810564264230941}
  m_LocalRotation: {x: -0, y: -0, z: -0, w: 1}
  m_LocalPosition: {x: 0, y: 0, z: 0}
  m_LocalScale: {x: 1, y: 1, z: 1}
  m_ConstrainProportionsScale: 0
  m_Children: []
  m_Father: {fileID: 8706879764637537273}
  m_RootOrder: 0
  m_LocalEulerAnglesHint: {x: 0, y: 0, z: 0}
--- !u!33 &4397285995086279301
MeshFilter:
  m_ObjectHideFlags: 0
  m_CorrespondingSourceObject: {fileID: 0}
  m_PrefabInstance: {fileID: 0}
  m_PrefabAsset: {fileID: 0}
  m_GameObject: {fileID: 7984810564264230941}
  m_Mesh: {fileID: 4300000, guid: e5c21a8adb1ecbb458e6d48823cf6e41, type: 2}
--- !u!23 &51678280266570810
MeshRenderer:
  m_ObjectHideFlags: 0
  m_CorrespondingSourceObject: {fileID: 0}
  m_PrefabInstance: {fileID: 0}
  m_PrefabAsset: {fileID: 0}
  m_GameObject: {fileID: 7984810564264230941}
  m_Enabled: 1
  m_CastShadows: 1
  m_ReceiveShadows: 1
  m_DynamicOccludee: 1
  m_StaticShadowCaster: 0
  m_MotionVectors: 1
  m_LightProbeUsage: 1
  m_ReflectionProbeUsage: 1
  m_RayTracingMode: 2
  m_RayTraceProcedural: 0
  m_RenderingLayerMask: 257
  m_RendererPriority: 0
  m_Materials:
  - {fileID: 2100000, guid: 8e733d666ce7f894dacb87d6db43d26f, type: 2}
  m_StaticBatchInfo:
    firstSubMesh: 0
    subMeshCount: 0
  m_StaticBatchRoot: {fileID: 0}
  m_ProbeAnchor: {fileID: 0}
  m_LightProbeVolumeOverride: {fileID: 0}
  m_ScaleInLightmap: 1
  m_ReceiveGI: 1
  m_PreserveUVs: 0
  m_IgnoreNormalsForChartDetection: 0
  m_ImportantGI: 0
  m_StitchLightmapSeams: 1
  m_SelectedEditorRenderState: 3
  m_MinimumChartSize: 4
  m_AutoUVMaxDistance: 0.5
  m_AutoUVMaxAngle: 89
  m_LightmapParameters: {fileID: 0}
  m_SortingLayerID: 0
  m_SortingLayer: 0
  m_SortingOrder: 0
  m_AdditionalVertexStreams: {fileID: 0}
--- !u!1 &8216881815337983069
GameObject:
  m_ObjectHideFlags: 0
  m_CorrespondingSourceObject: {fileID: 0}
  m_PrefabInstance: {fileID: 0}
  m_PrefabAsset: {fileID: 0}
  serializedVersion: 6
  m_Component:
  - component: {fileID: 8039031231872614197}
  - component: {fileID: 2405367503078506554}
  - component: {fileID: 1998802612330354743}
  m_Layer: 0
  m_Name: 004_static_SlatDoor
  m_TagString: Untagged
  m_Icon: {fileID: 0}
  m_NavMeshLayer: 0
  m_StaticEditorFlags: 0
  m_IsActive: 1
--- !u!4 &8039031231872614197
Transform:
  m_ObjectHideFlags: 0
  m_CorrespondingSourceObject: {fileID: 0}
  m_PrefabInstance: {fileID: 0}
  m_PrefabAsset: {fileID: 0}
  m_GameObject: {fileID: 8216881815337983069}
  m_LocalRotation: {x: -0, y: -0, z: -0, w: 1}
  m_LocalPosition: {x: 0.65999985, y: 0, z: 2.565}
  m_LocalScale: {x: 1, y: 1, z: 1}
  m_ConstrainProportionsScale: 0
  m_Children: []
  m_Father: {fileID: 5146579813626888197}
  m_RootOrder: 4
  m_LocalEulerAnglesHint: {x: 0, y: 0, z: 0}
--- !u!33 &2405367503078506554
MeshFilter:
  m_ObjectHideFlags: 0
  m_CorrespondingSourceObject: {fileID: 0}
  m_PrefabInstance: {fileID: 0}
  m_PrefabAsset: {fileID: 0}
  m_GameObject: {fileID: 8216881815337983069}
  m_Mesh: {fileID: 4300000, guid: f30a7ab52bd37b54baf57c2460abf286, type: 2}
--- !u!23 &1998802612330354743
MeshRenderer:
  m_ObjectHideFlags: 0
  m_CorrespondingSourceObject: {fileID: 0}
  m_PrefabInstance: {fileID: 0}
  m_PrefabAsset: {fileID: 0}
  m_GameObject: {fileID: 8216881815337983069}
  m_Enabled: 1
  m_CastShadows: 1
  m_ReceiveShadows: 1
  m_DynamicOccludee: 1
  m_StaticShadowCaster: 0
  m_MotionVectors: 1
  m_LightProbeUsage: 1
  m_ReflectionProbeUsage: 1
  m_RayTracingMode: 2
  m_RayTraceProcedural: 0
  m_RenderingLayerMask: 257
  m_RendererPriority: 0
  m_Materials:
  - {fileID: 2100000, guid: c2b7b12eb332c0b4891a28a4b77afb3d, type: 2}
  m_StaticBatchInfo:
    firstSubMesh: 0
    subMeshCount: 0
  m_StaticBatchRoot: {fileID: 0}
  m_ProbeAnchor: {fileID: 0}
  m_LightProbeVolumeOverride: {fileID: 0}
  m_ScaleInLightmap: 1
  m_ReceiveGI: 1
  m_PreserveUVs: 0
  m_IgnoreNormalsForChartDetection: 0
  m_ImportantGI: 0
  m_StitchLightmapSeams: 1
  m_SelectedEditorRenderState: 3
  m_MinimumChartSize: 4
  m_AutoUVMaxDistance: 0.5
  m_AutoUVMaxAngle: 89
  m_LightmapParameters: {fileID: 0}
  m_SortingLayerID: 0
  m_SortingLayer: 0
  m_SortingOrder: 0
  m_AdditionalVertexStreams: {fileID: 0}
--- !u!1001 &1123545262044426888
PrefabInstance:
  m_ObjectHideFlags: 0
  serializedVersion: 2
  m_Modification:
    m_TransformParent: {fileID: 8639806340354896269}
    m_Modifications:
    - target: {fileID: 509418977966901049, guid: 4315e9344165897438bafa57993097b7,
        type: 3}
      propertyPath: m_RootOrder
      value: 2
      objectReference: {fileID: 0}
    - target: {fileID: 509418977966901049, guid: 4315e9344165897438bafa57993097b7,
        type: 3}
      propertyPath: m_LocalPosition.x
      value: 0.66
      objectReference: {fileID: 0}
    - target: {fileID: 509418977966901049, guid: 4315e9344165897438bafa57993097b7,
        type: 3}
      propertyPath: m_LocalPosition.y
      value: 0
      objectReference: {fileID: 0}
    - target: {fileID: 509418977966901049, guid: 4315e9344165897438bafa57993097b7,
        type: 3}
      propertyPath: m_LocalPosition.z
      value: 2.565
      objectReference: {fileID: 0}
    - target: {fileID: 509418977966901049, guid: 4315e9344165897438bafa57993097b7,
        type: 3}
      propertyPath: m_LocalRotation.w
      value: 1
      objectReference: {fileID: 0}
    - target: {fileID: 509418977966901049, guid: 4315e9344165897438bafa57993097b7,
        type: 3}
      propertyPath: m_LocalRotation.x
      value: 0
      objectReference: {fileID: 0}
    - target: {fileID: 509418977966901049, guid: 4315e9344165897438bafa57993097b7,
        type: 3}
      propertyPath: m_LocalRotation.y
      value: 0
      objectReference: {fileID: 0}
    - target: {fileID: 509418977966901049, guid: 4315e9344165897438bafa57993097b7,
        type: 3}
      propertyPath: m_LocalRotation.z
      value: 0
      objectReference: {fileID: 0}
    - target: {fileID: 509418977966901049, guid: 4315e9344165897438bafa57993097b7,
        type: 3}
      propertyPath: m_LocalEulerAnglesHint.x
      value: 0
      objectReference: {fileID: 0}
    - target: {fileID: 509418977966901049, guid: 4315e9344165897438bafa57993097b7,
        type: 3}
      propertyPath: m_LocalEulerAnglesHint.y
      value: 0
      objectReference: {fileID: 0}
    - target: {fileID: 509418977966901049, guid: 4315e9344165897438bafa57993097b7,
        type: 3}
      propertyPath: m_LocalEulerAnglesHint.z
      value: 0
      objectReference: {fileID: 0}
    - target: {fileID: 3551800808642819370, guid: 4315e9344165897438bafa57993097b7,
        type: 3}
      propertyPath: m_Name
      value: SlatDoor
      objectReference: {fileID: 0}
    m_RemovedComponents: []
  m_SourcePrefab: {fileID: 100100000, guid: 4315e9344165897438bafa57993097b7, type: 3}
--- !u!4 &614305573410993585 stripped
Transform:
  m_CorrespondingSourceObject: {fileID: 509418977966901049, guid: 4315e9344165897438bafa57993097b7,
    type: 3}
  m_PrefabInstance: {fileID: 1123545262044426888}
  m_PrefabAsset: {fileID: 0}
--- !u!23 &2801798062718104446 stripped
MeshRenderer:
  m_CorrespondingSourceObject: {fileID: 2987678794976559606, guid: 4315e9344165897438bafa57993097b7,
    type: 3}
  m_PrefabInstance: {fileID: 1123545262044426888}
  m_PrefabAsset: {fileID: 0}
--- !u!1 &4529823473096361890 stripped
GameObject:
  m_CorrespondingSourceObject: {fileID: 3551800808642819370, guid: 4315e9344165897438bafa57993097b7,
    type: 3}
  m_PrefabInstance: {fileID: 1123545262044426888}
  m_PrefabAsset: {fileID: 0}
--- !u!23 &5619585671122317171 stripped
MeshRenderer:
  m_CorrespondingSourceObject: {fileID: 4786030158759190011, guid: 4315e9344165897438bafa57993097b7,
    type: 3}
  m_PrefabInstance: {fileID: 1123545262044426888}
  m_PrefabAsset: {fileID: 0}
--- !u!1 &5619585671122317180 stripped
GameObject:
  m_CorrespondingSourceObject: {fileID: 4786030158759190004, guid: 4315e9344165897438bafa57993097b7,
    type: 3}
  m_PrefabInstance: {fileID: 1123545262044426888}
  m_PrefabAsset: {fileID: 0}
--- !u!1001 &7267469897785760801
PrefabInstance:
  m_ObjectHideFlags: 0
  serializedVersion: 2
  m_Modification:
    m_TransformParent: {fileID: 8639806340354896269}
    m_Modifications:
    - target: {fileID: -4216859302048453862, guid: 52f8bf851ad05ba4ab5d013083c0d0a9,
        type: 3}
      propertyPath: m_RootOrder
      value: 0
      objectReference: {fileID: 0}
    - target: {fileID: -4216859302048453862, guid: 52f8bf851ad05ba4ab5d013083c0d0a9,
        type: 3}
      propertyPath: m_LocalPosition.x
      value: 0.793
      objectReference: {fileID: 0}
    - target: {fileID: -4216859302048453862, guid: 52f8bf851ad05ba4ab5d013083c0d0a9,
        type: 3}
      propertyPath: m_LocalPosition.y
      value: 1.39
      objectReference: {fileID: 0}
    - target: {fileID: -4216859302048453862, guid: 52f8bf851ad05ba4ab5d013083c0d0a9,
        type: 3}
      propertyPath: m_LocalPosition.z
      value: 2.712
      objectReference: {fileID: 0}
    - target: {fileID: -4216859302048453862, guid: 52f8bf851ad05ba4ab5d013083c0d0a9,
        type: 3}
      propertyPath: m_LocalRotation.w
      value: 1
      objectReference: {fileID: 0}
    - target: {fileID: -4216859302048453862, guid: 52f8bf851ad05ba4ab5d013083c0d0a9,
        type: 3}
      propertyPath: m_LocalRotation.x
      value: 0
      objectReference: {fileID: 0}
    - target: {fileID: -4216859302048453862, guid: 52f8bf851ad05ba4ab5d013083c0d0a9,
        type: 3}
      propertyPath: m_LocalRotation.y
      value: -0
      objectReference: {fileID: 0}
    - target: {fileID: -4216859302048453862, guid: 52f8bf851ad05ba4ab5d013083c0d0a9,
        type: 3}
      propertyPath: m_LocalRotation.z
      value: -0
      objectReference: {fileID: 0}
    - target: {fileID: -4216859302048453862, guid: 52f8bf851ad05ba4ab5d013083c0d0a9,
        type: 3}
      propertyPath: m_LocalEulerAnglesHint.x
      value: 0
      objectReference: {fileID: 0}
    - target: {fileID: -4216859302048453862, guid: 52f8bf851ad05ba4ab5d013083c0d0a9,
        type: 3}
      propertyPath: m_LocalEulerAnglesHint.y
      value: 0
      objectReference: {fileID: 0}
    - target: {fileID: -4216859302048453862, guid: 52f8bf851ad05ba4ab5d013083c0d0a9,
        type: 3}
      propertyPath: m_LocalEulerAnglesHint.z
      value: 0
      objectReference: {fileID: 0}
    - target: {fileID: -1504981713932161579, guid: 52f8bf851ad05ba4ab5d013083c0d0a9,
        type: 3}
      propertyPath: m_CastShadows
      value: 0
      objectReference: {fileID: 0}
    - target: {fileID: -1504981713932161579, guid: 52f8bf851ad05ba4ab5d013083c0d0a9,
        type: 3}
      propertyPath: m_RenderingLayerMask
      value: 2
      objectReference: {fileID: 0}
    - target: {fileID: -1504981713932161579, guid: 52f8bf851ad05ba4ab5d013083c0d0a9,
        type: 3}
      propertyPath: m_Materials.Array.data[0]
      value: 
      objectReference: {fileID: 2100000, guid: f2aadbccf2be3e24c98605171bde8c65, type: 2}
    - target: {fileID: -927199367670048503, guid: 52f8bf851ad05ba4ab5d013083c0d0a9,
        type: 3}
      propertyPath: m_Name
      value: ElevatorButtonUp
      objectReference: {fileID: 0}
    m_RemovedComponents: []
  m_SourcePrefab: {fileID: 100100000, guid: 52f8bf851ad05ba4ab5d013083c0d0a9, type: 3}
--- !u!23 &1136602848620982772 stripped
MeshRenderer:
  m_CorrespondingSourceObject: {fileID: -1504981713932161579, guid: 52f8bf851ad05ba4ab5d013083c0d0a9,
    type: 3}
  m_PrefabInstance: {fileID: 7267469897785760801}
  m_PrefabAsset: {fileID: 0}
--- !u!1 &1727922416439657768 stripped
GameObject:
  m_CorrespondingSourceObject: {fileID: -927199367670048503, guid: 52f8bf851ad05ba4ab5d013083c0d0a9,
    type: 3}
  m_PrefabInstance: {fileID: 7267469897785760801}
  m_PrefabAsset: {fileID: 0}
--- !u!65 &5757601363175310023
BoxCollider:
  m_ObjectHideFlags: 0
  m_CorrespondingSourceObject: {fileID: 0}
  m_PrefabInstance: {fileID: 0}
  m_PrefabAsset: {fileID: 0}
  m_GameObject: {fileID: 1727922416439657768}
  m_Material: {fileID: 0}
  m_IsTrigger: 1
  m_Enabled: 1
  serializedVersion: 2
  m_Size: {x: 0.075, y: 0.075, z: 0.025}
  m_Center: {x: 0, y: 0, z: 0}
--- !u!114 &3798016978498512096
MonoBehaviour:
  m_ObjectHideFlags: 0
  m_CorrespondingSourceObject: {fileID: 0}
  m_PrefabInstance: {fileID: 0}
  m_PrefabAsset: {fileID: 0}
  m_GameObject: {fileID: 1727922416439657768}
  m_Enabled: 1
  m_EditorHideFlags: 0
  m_Script: {fileID: 11500000, guid: ff412bc5692e0224e8f0e6696be8fc6d, type: 3}
  m_Name: 
  m_EditorClassIdentifier: 
  id: 0
  meshes: []
  lod: {fileID: 0}
  rb: {fileID: 0}
  coll: {fileID: 5757601363175310023}
  altColl: {fileID: 0}
  additionalPhysicsOnlyColliders: []
  alternativePhysicsParent: {fileID: 0}
  flash: {fileID: 0}
  doorMovement: {fileID: 0}
  secondaryDoorMovement: {fileID: 0}
  thirdDoorMovement: {fileID: 0}
  lightController: {fileID: 0}
  steam: {fileID: 0}
  computer: {fileID: 0}
  securitySystem: {fileID: 0}
  fileSystem: {fileID: 0}
  decalProjector: {fileID: 0}
  pages: []
  partSystem: {fileID: 0}
  lockParentOverride: {fileID: 0}
  lockedInTransformOffset: {x: 0, y: 0, z: 0}
  enableSwitchSync: 0
  switchSyncObjects: []
  isVisible: 1
  isCarriedByPlayer: 0
  physicsOn: 0
  minimumPhysicsTime: 0
  damageEligable: 0
  wasTrigger: 0
  thrownBy: {fileID: 0}
  apartmentPlacementIsValid: 0
  lookAtTarget: {fileID: 0}
  interactionWindow: {fileID: 0}
  isDoor: {fileID: 0}
  isActor: {fileID: 0}
  belongsTo: {fileID: 0}
  isPhone: 0
  phoneReciever: {fileID: 0}
  particleSystemDistance: 20
  willBeSavedWithCity: 0
  willBeSavedWithState: 0
  isMainLight: 0
  debugInteractable: []
  debugAngle: 0
  debugFurnitureAnchorNodePos: {x: 0, y: 0, z: 0}
  debugLocalPos: {x: 0, y: 0, z: 0}
  debugLocalEuler: {x: 0, y: 0, z: 0}
  debugWorldPos: {x: 0, y: 0, z: 0}
  debugInteractablePredictedWorldPos: {x: 0, y: 0, z: 0}
  debugNodeCoord: {x: 0, y: 0, z: 0}
  debugUsagePoint:
    useSetting:
      usageOffset: {x: 0, y: 0, z: 0.35}
      facingOffset: {x: 0, y: 0, z: 0}
      useNodeFloorPosition: 1
      useDoorBehaviour: 0
      useSittingOffset: 0
      useArmsStandingOffset: 0
    useageWorldPosition: {x: 0, y: 0, z: 0}
    worldLookAtPoint: {x: 0, y: 0, z: 0}
    debugDefaultSlot: {fileID: 0}
    debugSlot1: {fileID: 0}
    debugSlot2: {fileID: 0}
    slotLog: []
  debugOwnedBy: {fileID: 0}
  debugWrittenBy: {fileID: 0}
  debugReceivedBy: {fileID: 0}
  debugFurnitureOwnedBy: []
  debugSwitchState: 0
  debugState1: 0
  debugRoom: {fileID: 0}
  debugVent:
    ventID: 0
    ventType: 0
    room: {fileID: 0}
    group: {fileID: 0}
    mapButton: {fileID: 0}
    discovered: 0
    removed: 0
    spawned: {fileID: 0}
    debugNode: {x: 0, y: 0, z: 0}
    debugRoomNode: {x: 0, y: 0, z: 0}
--- !u!4 &2423369328364943163 stripped
Transform:
  m_CorrespondingSourceObject: {fileID: -4216859302048453862, guid: 52f8bf851ad05ba4ab5d013083c0d0a9,
    type: 3}
  m_PrefabInstance: {fileID: 7267469897785760801}
  m_PrefabAsset: {fileID: 0}
--- !u!1001 &7754010339607588769
PrefabInstance:
  m_ObjectHideFlags: 0
  serializedVersion: 2
  m_Modification:
    m_TransformParent: {fileID: 8639806340354896269}
    m_Modifications:
    - target: {fileID: -4216859302048453862, guid: 52f8bf851ad05ba4ab5d013083c0d0a9,
        type: 3}
      propertyPath: m_RootOrder
      value: 1
      objectReference: {fileID: 0}
    - target: {fileID: -4216859302048453862, guid: 52f8bf851ad05ba4ab5d013083c0d0a9,
        type: 3}
      propertyPath: m_LocalPosition.x
      value: 0.793
      objectReference: {fileID: 0}
    - target: {fileID: -4216859302048453862, guid: 52f8bf851ad05ba4ab5d013083c0d0a9,
        type: 3}
      propertyPath: m_LocalPosition.y
      value: 1.24
      objectReference: {fileID: 0}
    - target: {fileID: -4216859302048453862, guid: 52f8bf851ad05ba4ab5d013083c0d0a9,
        type: 3}
      propertyPath: m_LocalPosition.z
      value: 2.712
      objectReference: {fileID: 0}
    - target: {fileID: -4216859302048453862, guid: 52f8bf851ad05ba4ab5d013083c0d0a9,
        type: 3}
      propertyPath: m_LocalRotation.w
      value: 0
      objectReference: {fileID: 0}
    - target: {fileID: -4216859302048453862, guid: 52f8bf851ad05ba4ab5d013083c0d0a9,
        type: 3}
      propertyPath: m_LocalRotation.x
      value: 0
      objectReference: {fileID: 0}
    - target: {fileID: -4216859302048453862, guid: 52f8bf851ad05ba4ab5d013083c0d0a9,
        type: 3}
      propertyPath: m_LocalRotation.y
      value: 0
      objectReference: {fileID: 0}
    - target: {fileID: -4216859302048453862, guid: 52f8bf851ad05ba4ab5d013083c0d0a9,
        type: 3}
      propertyPath: m_LocalRotation.z
      value: 1
      objectReference: {fileID: 0}
    - target: {fileID: -4216859302048453862, guid: 52f8bf851ad05ba4ab5d013083c0d0a9,
        type: 3}
      propertyPath: m_LocalEulerAnglesHint.x
      value: 0
      objectReference: {fileID: 0}
    - target: {fileID: -4216859302048453862, guid: 52f8bf851ad05ba4ab5d013083c0d0a9,
        type: 3}
      propertyPath: m_LocalEulerAnglesHint.y
      value: 0
      objectReference: {fileID: 0}
    - target: {fileID: -4216859302048453862, guid: 52f8bf851ad05ba4ab5d013083c0d0a9,
        type: 3}
      propertyPath: m_LocalEulerAnglesHint.z
      value: 180
      objectReference: {fileID: 0}
    - target: {fileID: -1504981713932161579, guid: 52f8bf851ad05ba4ab5d013083c0d0a9,
        type: 3}
      propertyPath: m_CastShadows
      value: 0
      objectReference: {fileID: 0}
    - target: {fileID: -1504981713932161579, guid: 52f8bf851ad05ba4ab5d013083c0d0a9,
        type: 3}
      propertyPath: m_RenderingLayerMask
      value: 2
      objectReference: {fileID: 0}
    - target: {fileID: -1504981713932161579, guid: 52f8bf851ad05ba4ab5d013083c0d0a9,
        type: 3}
      propertyPath: m_Materials.Array.data[0]
      value: 
      objectReference: {fileID: 2100000, guid: f2aadbccf2be3e24c98605171bde8c65, type: 2}
    - target: {fileID: -927199367670048503, guid: 52f8bf851ad05ba4ab5d013083c0d0a9,
        type: 3}
      propertyPath: m_Name
      value: ElevatorButtonDown
      objectReference: {fileID: 0}
    m_RemovedComponents: []
  m_SourcePrefab: {fileID: 100100000, guid: 52f8bf851ad05ba4ab5d013083c0d0a9, type: 3}
--- !u!23 &37995035707916916 stripped
MeshRenderer:
  m_CorrespondingSourceObject: {fileID: -1504981713932161579, guid: 52f8bf851ad05ba4ab5d013083c0d0a9,
    type: 3}
  m_PrefabInstance: {fileID: 7754010339607588769}
  m_PrefabAsset: {fileID: 0}
--- !u!1 &1781783074846766760 stripped
GameObject:
  m_CorrespondingSourceObject: {fileID: -927199367670048503, guid: 52f8bf851ad05ba4ab5d013083c0d0a9,
    type: 3}
  m_PrefabInstance: {fileID: 7754010339607588769}
  m_PrefabAsset: {fileID: 0}
--- !u!65 &509008784174243847
BoxCollider:
  m_ObjectHideFlags: 0
  m_CorrespondingSourceObject: {fileID: 0}
  m_PrefabInstance: {fileID: 0}
  m_PrefabAsset: {fileID: 0}
  m_GameObject: {fileID: 1781783074846766760}
  m_Material: {fileID: 0}
  m_IsTrigger: 1
  m_Enabled: 1
  serializedVersion: 2
  m_Size: {x: 0.075, y: 0.075, z: 0.025}
  m_Center: {x: 0, y: 0, z: 0}
--- !u!114 &1795335165843775257
MonoBehaviour:
  m_ObjectHideFlags: 0
  m_CorrespondingSourceObject: {fileID: 0}
  m_PrefabInstance: {fileID: 0}
  m_PrefabAsset: {fileID: 0}
  m_GameObject: {fileID: 1781783074846766760}
  m_Enabled: 1
  m_EditorHideFlags: 0
  m_Script: {fileID: 11500000, guid: ff412bc5692e0224e8f0e6696be8fc6d, type: 3}
  m_Name: 
  m_EditorClassIdentifier: 
  id: 1
  meshes: []
  lod: {fileID: 0}
  rb: {fileID: 0}
  coll: {fileID: 509008784174243847}
  altColl: {fileID: 0}
  additionalPhysicsOnlyColliders: []
  alternativePhysicsParent: {fileID: 0}
  flash: {fileID: 0}
  doorMovement: {fileID: 0}
  secondaryDoorMovement: {fileID: 0}
  thirdDoorMovement: {fileID: 0}
  lightController: {fileID: 0}
  steam: {fileID: 0}
  computer: {fileID: 0}
  securitySystem: {fileID: 0}
  fileSystem: {fileID: 0}
  decalProjector: {fileID: 0}
  pages: []
  partSystem: {fileID: 0}
  lockParentOverride: {fileID: 0}
  lockedInTransformOffset: {x: 0, y: 0, z: 0}
  enableSwitchSync: 0
  switchSyncObjects: []
  isVisible: 1
  isCarriedByPlayer: 0
  physicsOn: 0
  minimumPhysicsTime: 0
  damageEligable: 0
  wasTrigger: 0
  thrownBy: {fileID: 0}
  apartmentPlacementIsValid: 0
  lookAtTarget: {fileID: 0}
  interactionWindow: {fileID: 0}
  isDoor: {fileID: 0}
  isActor: {fileID: 0}
  belongsTo: {fileID: 0}
  isPhone: 0
  phoneReciever: {fileID: 0}
  particleSystemDistance: 20
  willBeSavedWithCity: 0
  willBeSavedWithState: 0
  isMainLight: 0
  debugInteractable: []
  debugAngle: 0
  debugFurnitureAnchorNodePos: {x: 0, y: 0, z: 0}
  debugLocalPos: {x: 0, y: 0, z: 0}
  debugLocalEuler: {x: 0, y: 0, z: 0}
  debugWorldPos: {x: 0, y: 0, z: 0}
  debugInteractablePredictedWorldPos: {x: 0, y: 0, z: 0}
  debugNodeCoord: {x: 0, y: 0, z: 0}
  debugUsagePoint:
    useSetting:
      usageOffset: {x: 0, y: 0, z: 0.35}
      facingOffset: {x: 0, y: 0, z: 0}
      useNodeFloorPosition: 1
      useDoorBehaviour: 0
      useSittingOffset: 0
      useArmsStandingOffset: 0
    useageWorldPosition: {x: 0, y: 0, z: 0}
    worldLookAtPoint: {x: 0, y: 0, z: 0}
    debugDefaultSlot: {fileID: 0}
    debugSlot1: {fileID: 0}
    debugSlot2: {fileID: 0}
    slotLog: []
  debugOwnedBy: {fileID: 0}
  debugWrittenBy: {fileID: 0}
  debugReceivedBy: {fileID: 0}
  debugFurnitureOwnedBy: []
  debugSwitchState: 0
  debugState1: 0
  debugRoom: {fileID: 0}
  debugVent:
    ventID: 0
    ventType: 0
    room: {fileID: 0}
    group: {fileID: 0}
    mapButton: {fileID: 0}
    discovered: 0
    removed: 0
    spawned: {fileID: 0}
    debugNode: {x: 0, y: 0, z: 0}
    debugRoomNode: {x: 0, y: 0, z: 0}
--- !u!4 &3378108312655332539 stripped
Transform:
  m_CorrespondingSourceObject: {fileID: -4216859302048453862, guid: 52f8bf851ad05ba4ab5d013083c0d0a9,
    type: 3}
  m_PrefabInstance: {fileID: 7754010339607588769}
  m_PrefabAsset: {fileID: 0}
