%YAML 1.1
%TAG !u! tag:unity3d.com,2011:
--- !u!114 &3123607823155426417
MonoBehaviour:
  m_ObjectHideFlags: 0
  m_CorrespondingSourceObject: {fileID: 0}
  m_PrefabInstance: {fileID: 0}
  m_PrefabAsset: {fileID: 0}
  m_GameObject: {fileID: 5773470752652227388}
  m_Enabled: 1
  m_EditorHideFlags: 0
  m_Script: {fileID: 11500000, guid: 6189ca36765a18a408db6542ca1bd09a, type: 3}
  m_Name: 
  m_EditorClassIdentifier: 
  syncWithState: 1
  isOn: 0
  inverted: 0
  basicBehaviour: 2
  basicBehaviourObjects:
  - {fileID: 5773470752652227388}
  syncInteractable: {fileID: 7452622111522587024}
  onlySyncWhenParentIsOn: 0
--- !u!114 &5144336942938300679
MonoBehaviour:
  m_ObjectHideFlags: 0
  m_CorrespondingSourceObject: {fileID: 0}
  m_PrefabInstance: {fileID: 0}
  m_PrefabAsset: {fileID: 0}
  m_GameObject: {fileID: 7399672018672172273}
  m_Enabled: 1
  m_EditorHideFlags: 0
  m_Script: {fileID: 11500000, guid: 6189ca36765a18a408db6542ca1bd09a, type: 3}
  m_Name: 
  m_EditorClassIdentifier: 
  syncWithState: 1
  isOn: 0
  inverted: 0
  basicBehaviour: 1
  basicBehaviourObjects:
  - {fileID: 7399672018672172273}
  syncInteractable: {fileID: 7452622111522587024}
  onlySyncWhenParentIsOn: 0
--- !u!1 &7623216208794791602
GameObject:
  m_ObjectHideFlags: 0
  m_CorrespondingSourceObject: {fileID: 0}
  m_PrefabInstance: {fileID: 0}
  m_PrefabAsset: {fileID: 0}
  serializedVersion: 6
  m_Component:
  - component: {fileID: 6618577353906706797}
  m_Layer: 25
  m_Name: Blinds
  m_TagString: Untagged
  m_Icon: {fileID: 0}
  m_NavMeshLayer: 0
  m_StaticEditorFlags: 0
  m_IsActive: 1
--- !u!4 &6618577353906706797
Transform:
  m_ObjectHideFlags: 0
  m_CorrespondingSourceObject: {fileID: 0}
  m_PrefabInstance: {fileID: 0}
  m_PrefabAsset: {fileID: 0}
  m_GameObject: {fileID: 7623216208794791602}
  m_LocalRotation: {x: 0, y: 0, z: 0, w: 1}
  m_LocalPosition: {x: -57.21, y: -12.46, z: -38.593}
  m_LocalScale: {x: 1.001, y: 1, z: 1}
  m_Children:
  - {fileID: 7924992644884358731}
  - {fileID: 6581075875083659654}
  - {fileID: 8177536759566100914}
  m_Father: {fileID: 0}
  m_RootOrder: 0
  m_LocalEulerAnglesHint: {x: 0, y: 0, z: 0}
--- !u!65 &787107399698449700
BoxCollider:
  m_ObjectHideFlags: 0
  m_CorrespondingSourceObject: {fileID: 0}
  m_PrefabInstance: {fileID: 0}
  m_PrefabAsset: {fileID: 0}
  m_GameObject: {fileID: 8806686780789273352}
  m_Material: {fileID: 0}
  m_IsTrigger: 1
  m_Enabled: 1
  serializedVersion: 2
  m_Size: {x: 0.13, y: 1.9499999, z: 0.11}
  m_Center: {x: -0.63, y: -0.97499996, z: 0.05}
--- !u!65 &5806406412925418751
BoxCollider:
  m_ObjectHideFlags: 0
  m_CorrespondingSourceObject: {fileID: 0}
  m_PrefabInstance: {fileID: 0}
  m_PrefabAsset: {fileID: 0}
  m_GameObject: {fileID: 8806686780789273352}
  m_Material: {fileID: 0}
  m_IsTrigger: 1
  m_Enabled: 1
  serializedVersion: 2
  m_Size: {x: 1.09, y: 1.1, z: 0.11}
  m_Center: {x: 0, y: -1.28, z: 0.01}
--- !u!114 &6092015433149011744
MonoBehaviour:
  m_ObjectHideFlags: 0
  m_CorrespondingSourceObject: {fileID: 0}
  m_PrefabInstance: {fileID: 0}
  m_PrefabAsset: {fileID: 0}
  m_GameObject: {fileID: 8806686780789273352}
  m_Enabled: 1
  m_EditorHideFlags: 0
  m_Script: {fileID: 11500000, guid: 8c757c2ef43eeba4aac268219dc0f5ed, type: 3}
  m_Name: 
  m_EditorClassIdentifier: 
  door: {fileID: 6581075875083659654}
  closedLocalPos: {x: 0, y: 0, z: 0}
  openLocalPos: {x: 0, y: 0, z: 0}
  closedLocalEuler: {x: 0, y: 0, z: 0}
  openLocalEuler: {x: 0, y: 0, z: 0}
  closedLocalScale: {x: 0, y: 0, z: 0}
  openLocalScale: {x: 0, y: 0, z: 0}
  desiredPos: {x: 0, y: 0, z: 0}
  desiredEuler: {x: 0, y: 0, z: 0}
  desiredScale: {x: 0, y: 0, z: 0}
  preset: {fileID: 11400000, guid: 68bf9e63a6772ba4eabc322c8c5e74e7, type: 2}
  desiredTransition: 0
  currentTransition: 0
  isOpen: 0
  interacting: {fileID: 0}
  isAnimating: 0
  isSetup: 0
  isOpening: 0
  isClosing: 0
  updateLoopingParams: 0
  removePlayerCollisionsWhileAnimating: 0
--- !u!114 &7452622111522587024
MonoBehaviour:
  m_ObjectHideFlags: 0
  m_CorrespondingSourceObject: {fileID: 0}
  m_PrefabInstance: {fileID: 0}
  m_PrefabAsset: {fileID: 0}
  m_GameObject: {fileID: 8806686780789273352}
  m_Enabled: 1
  m_EditorHideFlags: 0
  m_Script: {fileID: 11500000, guid: ff412bc5692e0224e8f0e6696be8fc6d, type: 3}
  m_Name: 
  m_EditorClassIdentifier: 
  id: 0
  meshes: []
  lod: {fileID: 0}
  rb: {fileID: 0}
  coll: {fileID: 5806406412925418751}
  altColl: {fileID: 787107399698449700}
  flash: {fileID: 0}
  doorMovement: {fileID: 8902708020896673915}
  secondaryDoorMovement: {fileID: 6092015433149011744}
  thirdDoorMovement: {fileID: 0}
  lightController: {fileID: 0}
  steam: {fileID: 0}
  computer: {fileID: 0}
  securitySystem: {fileID: 0}
  fileSystem: {fileID: 0}
  decalProjector: {fileID: 0}
  pages: []
  partSystem: {fileID: 0}
  lockParentOverride: {fileID: 0}
  lockedInTransformOffset: {x: 0, y: 0, z: 0}
  enableSwitchSync: 1
  switchSyncObjects:
  - {fileID: 5144336942938300679}
  - {fileID: 3123607823155426417}
  isVisible: 1
  isCarriedByPlayer: 0
  physicsOn: 0
  minimumPhysicsTime: 0
  damageEligable: 0
  wasTrigger: 0
  thrownBy: {fileID: 0}
  apartmentPlacementIsValid: 0
  lookAtTarget: {fileID: 0}
  interactionWindow: {fileID: 0}
  isDoor: {fileID: 0}
  isActor: {fileID: 0}
  belongsTo: {fileID: 0}
  isPhone: 0
  phoneReciever: {fileID: 0}
  particleSystemDistance: 20
  willBeSavedWithCity: 0
  willBeSavedWithState: 0
  isMainLight: 0
  debugInteractable: []
  debugAngle: 0
  debugFurnitureAnchorNodePos: {x: 0, y: 0, z: 0}
  debugLocalPos: {x: 0, y: 0, z: 0}
  debugLocalEuler: {x: 0, y: 0, z: 0}
  debugWorldPos: {x: 0, y: 0, z: 0}
  debugInteractablePredictedWorldPos: {x: 0, y: 0, z: 0}
  debugNodeCoord: {x: 0, y: 0, z: 0}
  debugUsagePoint:
    useSetting:
      usageOffset: {x: 0, y: 0, z: 0.35}
      facingOffset: {x: 0, y: 0, z: 0}
      useNodeFloorPosition: 1
      useDoorBehaviour: 0
      useSittingOffset: 0
      useArmsStandingOffset: 0
    useageWorldPosition: {x: 0, y: 0, z: 0}
    worldLookAtPoint: {x: 0, y: 0, z: 0}
    debugDefaultSlot: {fileID: 0}
    debugSlot1: {fileID: 0}
    debugSlot2: {fileID: 0}
    slotLog: []
  debugOwnedBy: {fileID: 0}
  debugWrittenBy: {fileID: 0}
  debugReceivedBy: {fileID: 0}
  debugFurnitureOwnedBy: []
  debugSwitchState: 0
  debugState1: 0
  debugRoom: {fileID: 0}
  debugVent:
    ventID: 0
    ventType: 0
    room: {fileID: 0}
    group: {fileID: 0}
    mapButton: {fileID: 0}
    discovered: 0
    removed: 0
    spawned: {fileID: 0}
    debugNode: {x: 0, y: 0, z: 0}
    debugRoomNode: {x: 0, y: 0, z: 0}
--- !u!114 &8902708020896673915
MonoBehaviour:
  m_ObjectHideFlags: 0
  m_CorrespondingSourceObject: {fileID: 0}
  m_PrefabInstance: {fileID: 0}
  m_PrefabAsset: {fileID: 0}
  m_GameObject: {fileID: 8806686780789273352}
  m_Enabled: 1
  m_EditorHideFlags: 0
  m_Script: {fileID: 11500000, guid: 8c757c2ef43eeba4aac268219dc0f5ed, type: 3}
  m_Name: 
  m_EditorClassIdentifier: 
  door: {fileID: 7924992644884358731}
  closedLocalPos: {x: 0, y: 0, z: 0}
  openLocalPos: {x: 0, y: 0, z: 0}
  closedLocalEuler: {x: 0, y: 0, z: 0}
  openLocalEuler: {x: 0, y: 0, z: 0}
  closedLocalScale: {x: 0, y: 0, z: 0}
  openLocalScale: {x: 0, y: 0, z: 0}
  desiredPos: {x: 0, y: 0, z: 0}
  desiredEuler: {x: 0, y: 0, z: 0}
  desiredScale: {x: 0, y: 0, z: 0}
  preset: {fileID: 11400000, guid: 68bf9e63a6772ba4eabc322c8c5e74e7, type: 2}
  desiredTransition: 0
  currentTransition: 0
  isOpen: 0
  interacting: {fileID: 0}
  isAnimating: 0
  isSetup: 0
  isOpening: 0
  isClosing: 0
  updateLoopingParams: 0
  removePlayerCollisionsWhileAnimating: 0
--- !u!1001 &6691809042466885229
PrefabInstance:
  m_ObjectHideFlags: 0
  serializedVersion: 2
  m_Modification:
    m_TransformParent: {fileID: 6618577353906706797}
    m_Modifications:
    - target: {fileID: -8679921383154817045, guid: 534a46b0920b15b4191be1e5a639fd0b,
        type: 3}
      propertyPath: m_RootOrder
      value: 1
      objectReference: {fileID: 0}
    - target: {fileID: -8679921383154817045, guid: 534a46b0920b15b4191be1e5a639fd0b,
        type: 3}
      propertyPath: m_LocalPosition.x
      value: 0
      objectReference: {fileID: 0}
    - target: {fileID: -8679921383154817045, guid: 534a46b0920b15b4191be1e5a639fd0b,
        type: 3}
      propertyPath: m_LocalPosition.y
      value: 3.2489996
      objectReference: {fileID: 0}
    - target: {fileID: -8679921383154817045, guid: 534a46b0920b15b4191be1e5a639fd0b,
        type: 3}
      propertyPath: m_LocalPosition.z
      value: -0.75
      objectReference: {fileID: 0}
    - target: {fileID: -8679921383154817045, guid: 534a46b0920b15b4191be1e5a639fd0b,
        type: 3}
      propertyPath: m_LocalRotation.w
      value: 1
      objectReference: {fileID: 0}
    - target: {fileID: -8679921383154817045, guid: 534a46b0920b15b4191be1e5a639fd0b,
        type: 3}
      propertyPath: m_LocalRotation.x
      value: -0
      objectReference: {fileID: 0}
    - target: {fileID: -8679921383154817045, guid: 534a46b0920b15b4191be1e5a639fd0b,
        type: 3}
      propertyPath: m_LocalRotation.y
      value: -0
      objectReference: {fileID: 0}
    - target: {fileID: -8679921383154817045, guid: 534a46b0920b15b4191be1e5a639fd0b,
        type: 3}
      propertyPath: m_LocalRotation.z
      value: -0
      objectReference: {fileID: 0}
    - target: {fileID: -8679921383154817045, guid: 534a46b0920b15b4191be1e5a639fd0b,
        type: 3}
      propertyPath: m_LocalEulerAnglesHint.x
      value: 0
      objectReference: {fileID: 0}
    - target: {fileID: -8679921383154817045, guid: 534a46b0920b15b4191be1e5a639fd0b,
        type: 3}
      propertyPath: m_LocalEulerAnglesHint.y
      value: 0
      objectReference: {fileID: 0}
    - target: {fileID: -8679921383154817045, guid: 534a46b0920b15b4191be1e5a639fd0b,
        type: 3}
      propertyPath: m_LocalEulerAnglesHint.z
      value: 0
      objectReference: {fileID: 0}
    - target: {fileID: -7511558181221131132, guid: 534a46b0920b15b4191be1e5a639fd0b,
        type: 3}
      propertyPath: m_Enabled
      value: 1
      objectReference: {fileID: 0}
    - target: {fileID: -7511558181221131132, guid: 534a46b0920b15b4191be1e5a639fd0b,
        type: 3}
      propertyPath: m_Materials.Array.data[0]
      value: 
      objectReference: {fileID: 2100000, guid: 46cf74bff85fb85429b6fecfc1cc76ef, type: 2}
    - target: {fileID: 919132149155446097, guid: 534a46b0920b15b4191be1e5a639fd0b,
        type: 3}
      propertyPath: m_Name
      value: BlindsDown
      objectReference: {fileID: 0}
    - target: {fileID: 919132149155446097, guid: 534a46b0920b15b4191be1e5a639fd0b,
        type: 3}
      propertyPath: m_IsActive
      value: 0
      objectReference: {fileID: 0}
    - target: {fileID: 3451118302482216456, guid: 534a46b0920b15b4191be1e5a639fd0b,
        type: 3}
      propertyPath: m_Convex
      value: 1
      objectReference: {fileID: 0}
    m_RemovedComponents: []
  m_SourcePrefab: {fileID: 100100000, guid: 534a46b0920b15b4191be1e5a639fd0b, type: 3}
--- !u!1 &5773470752652227388 stripped
GameObject:
  m_CorrespondingSourceObject: {fileID: 919132149155446097, guid: 534a46b0920b15b4191be1e5a639fd0b,
    type: 3}
  m_PrefabInstance: {fileID: 6691809042466885229}
  m_PrefabAsset: {fileID: 0}
--- !u!4 &6581075875083659654 stripped
Transform:
  m_CorrespondingSourceObject: {fileID: -8679921383154817045, guid: 534a46b0920b15b4191be1e5a639fd0b,
    type: 3}
  m_PrefabInstance: {fileID: 6691809042466885229}
  m_PrefabAsset: {fileID: 0}
--- !u!1001 &7670056428221432224
PrefabInstance:
  m_ObjectHideFlags: 0
  serializedVersion: 2
  m_Modification:
    m_TransformParent: {fileID: 6618577353906706797}
    m_Modifications:
    - target: {fileID: -8679921383154817045, guid: db41761b8ac0b5b4b8b0adeac6a2c8d6,
        type: 3}
      propertyPath: m_RootOrder
      value: 0
      objectReference: {fileID: 0}
    - target: {fileID: -8679921383154817045, guid: db41761b8ac0b5b4b8b0adeac6a2c8d6,
        type: 3}
      propertyPath: m_LocalScale.x
      value: 1
      objectReference: {fileID: 0}
    - target: {fileID: -8679921383154817045, guid: db41761b8ac0b5b4b8b0adeac6a2c8d6,
        type: 3}
      propertyPath: m_LocalScale.y
      value: 1
      objectReference: {fileID: 0}
    - target: {fileID: -8679921383154817045, guid: db41761b8ac0b5b4b8b0adeac6a2c8d6,
        type: 3}
      propertyPath: m_LocalPosition.x
      value: 0
      objectReference: {fileID: 0}
    - target: {fileID: -8679921383154817045, guid: db41761b8ac0b5b4b8b0adeac6a2c8d6,
        type: 3}
      propertyPath: m_LocalPosition.y
      value: 3.249
      objectReference: {fileID: 0}
    - target: {fileID: -8679921383154817045, guid: db41761b8ac0b5b4b8b0adeac6a2c8d6,
        type: 3}
      propertyPath: m_LocalPosition.z
      value: -0.75
      objectReference: {fileID: 0}
    - target: {fileID: -8679921383154817045, guid: db41761b8ac0b5b4b8b0adeac6a2c8d6,
        type: 3}
      propertyPath: m_LocalRotation.w
      value: 1
      objectReference: {fileID: 0}
    - target: {fileID: -8679921383154817045, guid: db41761b8ac0b5b4b8b0adeac6a2c8d6,
        type: 3}
      propertyPath: m_LocalRotation.x
      value: 0
      objectReference: {fileID: 0}
    - target: {fileID: -8679921383154817045, guid: db41761b8ac0b5b4b8b0adeac6a2c8d6,
        type: 3}
      propertyPath: m_LocalRotation.y
      value: 0
      objectReference: {fileID: 0}
    - target: {fileID: -8679921383154817045, guid: db41761b8ac0b5b4b8b0adeac6a2c8d6,
        type: 3}
      propertyPath: m_LocalRotation.z
      value: 0
      objectReference: {fileID: 0}
    - target: {fileID: -8679921383154817045, guid: db41761b8ac0b5b4b8b0adeac6a2c8d6,
        type: 3}
      propertyPath: m_LocalEulerAnglesHint.x
      value: 0
      objectReference: {fileID: 0}
    - target: {fileID: -8679921383154817045, guid: db41761b8ac0b5b4b8b0adeac6a2c8d6,
        type: 3}
      propertyPath: m_LocalEulerAnglesHint.y
      value: 0
      objectReference: {fileID: 0}
    - target: {fileID: -8679921383154817045, guid: db41761b8ac0b5b4b8b0adeac6a2c8d6,
        type: 3}
      propertyPath: m_LocalEulerAnglesHint.z
      value: 0
      objectReference: {fileID: 0}
    - target: {fileID: -7511558181221131132, guid: db41761b8ac0b5b4b8b0adeac6a2c8d6,
        type: 3}
      propertyPath: m_Materials.Array.data[0]
      value: 
      objectReference: {fileID: 2100000, guid: ee1543b57cbac2247827754e9220e99a, type: 2}
    - target: {fileID: 919132149155446097, guid: db41761b8ac0b5b4b8b0adeac6a2c8d6,
        type: 3}
      propertyPath: m_Name
      value: BlindsUp
      objectReference: {fileID: 0}
    - target: {fileID: 3451118302482216456, guid: db41761b8ac0b5b4b8b0adeac6a2c8d6,
        type: 3}
      propertyPath: m_Convex
      value: 1
      objectReference: {fileID: 0}
    m_RemovedComponents: []
  m_SourcePrefab: {fileID: 100100000, guid: db41761b8ac0b5b4b8b0adeac6a2c8d6, type: 3}
--- !u!1 &7399672018672172273 stripped
GameObject:
  m_CorrespondingSourceObject: {fileID: 919132149155446097, guid: db41761b8ac0b5b4b8b0adeac6a2c8d6,
    type: 3}
  m_PrefabInstance: {fileID: 7670056428221432224}
  m_PrefabAsset: {fileID: 0}
--- !u!4 &7924992644884358731 stripped
Transform:
  m_CorrespondingSourceObject: {fileID: -8679921383154817045, guid: db41761b8ac0b5b4b8b0adeac6a2c8d6,
    type: 3}
  m_PrefabInstance: {fileID: 7670056428221432224}
  m_PrefabAsset: {fileID: 0}
--- !u!1001 &8572262305975209561
PrefabInstance:
  m_ObjectHideFlags: 0
  serializedVersion: 2
  m_Modification:
    m_TransformParent: {fileID: 6618577353906706797}
    m_Modifications:
    - target: {fileID: -8679921383154817045, guid: 217ffe1f4e3772643bc7a85d73b9c3ec,
        type: 3}
      propertyPath: m_RootOrder
      value: 2
      objectReference: {fileID: 0}
    - target: {fileID: -8679921383154817045, guid: 217ffe1f4e3772643bc7a85d73b9c3ec,
        type: 3}
      propertyPath: m_LocalPosition.x
      value: 0
      objectReference: {fileID: 0}
    - target: {fileID: -8679921383154817045, guid: 217ffe1f4e3772643bc7a85d73b9c3ec,
        type: 3}
      propertyPath: m_LocalPosition.y
      value: 3.363
      objectReference: {fileID: 0}
    - target: {fileID: -8679921383154817045, guid: 217ffe1f4e3772643bc7a85d73b9c3ec,
        type: 3}
      propertyPath: m_LocalPosition.z
      value: -0.7
      objectReference: {fileID: 0}
    - target: {fileID: -8679921383154817045, guid: 217ffe1f4e3772643bc7a85d73b9c3ec,
        type: 3}
      propertyPath: m_LocalRotation.w
      value: 1
      objectReference: {fileID: 0}
    - target: {fileID: -8679921383154817045, guid: 217ffe1f4e3772643bc7a85d73b9c3ec,
        type: 3}
      propertyPath: m_LocalRotation.x
      value: 0
      objectReference: {fileID: 0}
    - target: {fileID: -8679921383154817045, guid: 217ffe1f4e3772643bc7a85d73b9c3ec,
        type: 3}
      propertyPath: m_LocalRotation.y
      value: 0
      objectReference: {fileID: 0}
    - target: {fileID: -8679921383154817045, guid: 217ffe1f4e3772643bc7a85d73b9c3ec,
        type: 3}
      propertyPath: m_LocalRotation.z
      value: 0
      objectReference: {fileID: 0}
    - target: {fileID: -8679921383154817045, guid: 217ffe1f4e3772643bc7a85d73b9c3ec,
        type: 3}
      propertyPath: m_LocalEulerAnglesHint.x
      value: 0
      objectReference: {fileID: 0}
    - target: {fileID: -8679921383154817045, guid: 217ffe1f4e3772643bc7a85d73b9c3ec,
        type: 3}
      propertyPath: m_LocalEulerAnglesHint.y
      value: 0
      objectReference: {fileID: 0}
    - target: {fileID: -8679921383154817045, guid: 217ffe1f4e3772643bc7a85d73b9c3ec,
        type: 3}
      propertyPath: m_LocalEulerAnglesHint.z
      value: 0
      objectReference: {fileID: 0}
    - target: {fileID: -7511558181221131132, guid: 217ffe1f4e3772643bc7a85d73b9c3ec,
        type: 3}
      propertyPath: m_Materials.Array.data[0]
      value: 
      objectReference: {fileID: 2100000, guid: 1e1ab21d7aa92524cb71aea42c636862, type: 2}
    - target: {fileID: 919132149155446097, guid: 217ffe1f4e3772643bc7a85d73b9c3ec,
        type: 3}
      propertyPath: m_Name
      value: BlindsTop
      objectReference: {fileID: 0}
    - target: {fileID: 3451118302482216456, guid: 217ffe1f4e3772643bc7a85d73b9c3ec,
        type: 3}
      propertyPath: m_Convex
      value: 1
      objectReference: {fileID: 0}
    - target: {fileID: 3451118302482216456, guid: 217ffe1f4e3772643bc7a85d73b9c3ec,
        type: 3}
      propertyPath: m_IsTrigger
      value: 1
      objectReference: {fileID: 0}
    m_RemovedComponents:
    - {fileID: 3451118302482216456, guid: 217ffe1f4e3772643bc7a85d73b9c3ec, type: 3}
  m_SourcePrefab: {fileID: 100100000, guid: 217ffe1f4e3772643bc7a85d73b9c3ec, type: 3}
--- !u!1 &8806686780789273352 stripped
GameObject:
  m_CorrespondingSourceObject: {fileID: 919132149155446097, guid: 217ffe1f4e3772643bc7a85d73b9c3ec,
    type: 3}
  m_PrefabInstance: {fileID: 8572262305975209561}
  m_PrefabAsset: {fileID: 0}
--- !u!4 &8177536759566100914 stripped
Transform:
  m_CorrespondingSourceObject: {fileID: -8679921383154817045, guid: 217ffe1f4e3772643bc7a85d73b9c3ec,
    type: 3}
  m_PrefabInstance: {fileID: 8572262305975209561}
  m_PrefabAsset: {fileID: 0}
