%YAML 1.1
%TAG !u! tag:unity3d.com,2011:
--- !u!1 &2697512086958331148
GameObject:
  m_ObjectHideFlags: 0
  m_CorrespondingSourceObject: {fileID: 0}
  m_PrefabInstance: {fileID: 0}
  m_PrefabAsset: {fileID: 0}
  serializedVersion: 6
  m_Component:
  - component: {fileID: 3324971952732966838}
  - component: {fileID: 1840696584942518291}
  - component: {fileID: 4498955854218196185}
  - component: {fileID: 453386837402672725}
  m_Layer: 0
  m_Name: ButterflyFrame
  m_TagString: Untagged
  m_Icon: {fileID: 0}
  m_NavMeshLayer: 0
  m_StaticEditorFlags: 0
  m_IsActive: 1
--- !u!4 &3324971952732966838
Transform:
  m_ObjectHideFlags: 0
  m_CorrespondingSourceObject: {fileID: 0}
  m_PrefabInstance: {fileID: 0}
  m_PrefabAsset: {fileID: 0}
  m_GameObject: {fileID: 2697512086958331148}
  m_LocalRotation: {x: -0, y: -0, z: -0, w: 1}
  m_LocalPosition: {x: 3.2841911, y: 1.1249957, z: 0.9417114}
  m_LocalScale: {x: 1, y: 1, z: 1}
  m_Children:
  - {fileID: 4395635057022259904}
  m_Father: {fileID: 0}
  m_RootOrder: 0
  m_LocalEulerAnglesHint: {x: 0, y: 0, z: 0}
--- !u!33 &1840696584942518291
MeshFilter:
  m_ObjectHideFlags: 0
  m_CorrespondingSourceObject: {fileID: 0}
  m_PrefabInstance: {fileID: 0}
  m_PrefabAsset: {fileID: 0}
  m_GameObject: {fileID: 2697512086958331148}
  m_Mesh: {fileID: 5390696096983124134, guid: 971393dde9515d94fba978e121557d0e, type: 3}
--- !u!23 &4498955854218196185
MeshRenderer:
  m_ObjectHideFlags: 0
  m_CorrespondingSourceObject: {fileID: 0}
  m_PrefabInstance: {fileID: 0}
  m_PrefabAsset: {fileID: 0}
  m_GameObject: {fileID: 2697512086958331148}
  m_Enabled: 1
  m_CastShadows: 1
  m_ReceiveShadows: 1
  m_DynamicOccludee: 1
  m_StaticShadowCaster: 0
  m_MotionVectors: 1
  m_LightProbeUsage: 1
  m_ReflectionProbeUsage: 1
  m_RayTracingMode: 2
  m_RayTraceProcedural: 0
  m_RenderingLayerMask: 257
  m_RendererPriority: 0
  m_Materials:
  - {fileID: 2100000, guid: e1392ebfe37b061478513df0c1f0a4d8, type: 2}
  m_StaticBatchInfo:
    firstSubMesh: 0
    subMeshCount: 0
  m_StaticBatchRoot: {fileID: 0}
  m_ProbeAnchor: {fileID: 0}
  m_LightProbeVolumeOverride: {fileID: 0}
  m_ScaleInLightmap: 1
  m_ReceiveGI: 1
  m_PreserveUVs: 0
  m_IgnoreNormalsForChartDetection: 0
  m_ImportantGI: 0
  m_StitchLightmapSeams: 1
  m_SelectedEditorRenderState: 3
  m_MinimumChartSize: 4
  m_AutoUVMaxDistance: 0.5
  m_AutoUVMaxAngle: 89
  m_LightmapParameters: {fileID: 0}
  m_SortingLayerID: 0
  m_SortingLayer: 0
  m_SortingOrder: 0
  m_AdditionalVertexStreams: {fileID: 0}
--- !u!64 &453386837402672725
MeshCollider:
  m_ObjectHideFlags: 0
  m_CorrespondingSourceObject: {fileID: 0}
  m_PrefabInstance: {fileID: 0}
  m_PrefabAsset: {fileID: 0}
  m_GameObject: {fileID: 2697512086958331148}
  m_Material: {fileID: 0}
  m_IsTrigger: 0
  m_Enabled: 1
  serializedVersion: 4
  m_Convex: 1
  m_CookingOptions: 30
  m_Mesh: {fileID: 5390696096983124134, guid: 971393dde9515d94fba978e121557d0e, type: 3}
--- !u!1 &5630379353148106553
GameObject:
  m_ObjectHideFlags: 0
  m_CorrespondingSourceObject: {fileID: 0}
  m_PrefabInstance: {fileID: 0}
  m_PrefabAsset: {fileID: 0}
  serializedVersion: 6
  m_Component:
  - component: {fileID: 4395635057022259904}
  m_Layer: 0
  m_Name: Butterfly
  m_TagString: Untagged
  m_Icon: {fileID: 0}
  m_NavMeshLayer: 0
  m_StaticEditorFlags: 0
  m_IsActive: 1
--- !u!4 &4395635057022259904
Transform:
  m_ObjectHideFlags: 0
  m_CorrespondingSourceObject: {fileID: 0}
  m_PrefabInstance: {fileID: 0}
  m_PrefabAsset: {fileID: 0}
  m_GameObject: {fileID: 5630379353148106553}
  m_LocalRotation: {x: -0, y: -0, z: -0, w: 1}
  m_LocalPosition: {x: 0, y: 1.983, z: -0.8041}
  m_LocalScale: {x: 1, y: 1, z: 1}
  m_Children:
  - {fileID: 6235400256978816121}
  - {fileID: 3726794516651652268}
  m_Father: {fileID: 3324971952732966838}
  m_RootOrder: 0
  m_LocalEulerAnglesHint: {x: 0, y: 0, z: 0}
--- !u!1001 &3761212277233570631
PrefabInstance:
  m_ObjectHideFlags: 0
  serializedVersion: 2
  m_Modification:
    m_TransformParent: {fileID: 4395635057022259904}
    m_Modifications:
    - target: {fileID: -8679921383154817045, guid: b620fffddfaf3fd47bdd1d6785d020b8,
        type: 3}
      propertyPath: m_RootOrder
      value: 1
      objectReference: {fileID: 0}
    - target: {fileID: -8679921383154817045, guid: b620fffddfaf3fd47bdd1d6785d020b8,
        type: 3}
      propertyPath: m_LocalPosition.x
      value: 0
      objectReference: {fileID: 0}
    - target: {fileID: -8679921383154817045, guid: b620fffddfaf3fd47bdd1d6785d020b8,
        type: 3}
      propertyPath: m_LocalPosition.y
      value: 0
      objectReference: {fileID: 0}
    - target: {fileID: -8679921383154817045, guid: b620fffddfaf3fd47bdd1d6785d020b8,
        type: 3}
      propertyPath: m_LocalPosition.z
      value: 0.0175
      objectReference: {fileID: 0}
    - target: {fileID: -8679921383154817045, guid: b620fffddfaf3fd47bdd1d6785d020b8,
        type: 3}
      propertyPath: m_LocalRotation.w
      value: 1
      objectReference: {fileID: 0}
    - target: {fileID: -8679921383154817045, guid: b620fffddfaf3fd47bdd1d6785d020b8,
        type: 3}
      propertyPath: m_LocalRotation.x
      value: -0
      objectReference: {fileID: 0}
    - target: {fileID: -8679921383154817045, guid: b620fffddfaf3fd47bdd1d6785d020b8,
        type: 3}
      propertyPath: m_LocalRotation.y
      value: -0
      objectReference: {fileID: 0}
    - target: {fileID: -8679921383154817045, guid: b620fffddfaf3fd47bdd1d6785d020b8,
        type: 3}
      propertyPath: m_LocalRotation.z
      value: -0
      objectReference: {fileID: 0}
    - target: {fileID: -8679921383154817045, guid: b620fffddfaf3fd47bdd1d6785d020b8,
        type: 3}
      propertyPath: m_LocalEulerAnglesHint.x
      value: 0
      objectReference: {fileID: 0}
    - target: {fileID: -8679921383154817045, guid: b620fffddfaf3fd47bdd1d6785d020b8,
        type: 3}
      propertyPath: m_LocalEulerAnglesHint.y
      value: 0
      objectReference: {fileID: 0}
    - target: {fileID: -8679921383154817045, guid: b620fffddfaf3fd47bdd1d6785d020b8,
        type: 3}
      propertyPath: m_LocalEulerAnglesHint.z
      value: 0
      objectReference: {fileID: 0}
    - target: {fileID: -7511558181221131132, guid: b620fffddfaf3fd47bdd1d6785d020b8,
        type: 3}
      propertyPath: m_Materials.Array.data[0]
      value: 
      objectReference: {fileID: 2100000, guid: 805439e5a76b07242aad1fa066e8a3bf, type: 2}
    - target: {fileID: 919132149155446097, guid: b620fffddfaf3fd47bdd1d6785d020b8,
        type: 3}
      propertyPath: m_Name
      value: ButterflyFrameGlass
      objectReference: {fileID: 0}
    m_RemovedComponents: []
  m_SourcePrefab: {fileID: 100100000, guid: b620fffddfaf3fd47bdd1d6785d020b8, type: 3}
--- !u!4 &3726794516651652268 stripped
Transform:
  m_CorrespondingSourceObject: {fileID: -8679921383154817045, guid: b620fffddfaf3fd47bdd1d6785d020b8,
    type: 3}
  m_PrefabInstance: {fileID: 3761212277233570631}
  m_PrefabAsset: {fileID: 0}
--- !u!1001 &5837278654142835602
PrefabInstance:
  m_ObjectHideFlags: 0
  serializedVersion: 2
  m_Modification:
    m_TransformParent: {fileID: 4395635057022259904}
    m_Modifications:
    - target: {fileID: -8679921383154817045, guid: 58c2ea371c5d7b243915868998ed55bb,
        type: 3}
      propertyPath: m_RootOrder
      value: 0
      objectReference: {fileID: 0}
    - target: {fileID: -8679921383154817045, guid: 58c2ea371c5d7b243915868998ed55bb,
        type: 3}
      propertyPath: m_LocalPosition.x
      value: 0
      objectReference: {fileID: 0}
    - target: {fileID: -8679921383154817045, guid: 58c2ea371c5d7b243915868998ed55bb,
        type: 3}
      propertyPath: m_LocalPosition.y
      value: 0
      objectReference: {fileID: 0}
    - target: {fileID: -8679921383154817045, guid: 58c2ea371c5d7b243915868998ed55bb,
        type: 3}
      propertyPath: m_LocalPosition.z
      value: 0.0103
      objectReference: {fileID: 0}
    - target: {fileID: -8679921383154817045, guid: 58c2ea371c5d7b243915868998ed55bb,
        type: 3}
      propertyPath: m_LocalRotation.w
      value: 1
      objectReference: {fileID: 0}
    - target: {fileID: -8679921383154817045, guid: 58c2ea371c5d7b243915868998ed55bb,
        type: 3}
      propertyPath: m_LocalRotation.x
      value: -0
      objectReference: {fileID: 0}
    - target: {fileID: -8679921383154817045, guid: 58c2ea371c5d7b243915868998ed55bb,
        type: 3}
      propertyPath: m_LocalRotation.y
      value: -0
      objectReference: {fileID: 0}
    - target: {fileID: -8679921383154817045, guid: 58c2ea371c5d7b243915868998ed55bb,
        type: 3}
      propertyPath: m_LocalRotation.z
      value: -0
      objectReference: {fileID: 0}
    - target: {fileID: -8679921383154817045, guid: 58c2ea371c5d7b243915868998ed55bb,
        type: 3}
      propertyPath: m_LocalEulerAnglesHint.x
      value: 0
      objectReference: {fileID: 0}
    - target: {fileID: -8679921383154817045, guid: 58c2ea371c5d7b243915868998ed55bb,
        type: 3}
      propertyPath: m_LocalEulerAnglesHint.y
      value: 0
      objectReference: {fileID: 0}
    - target: {fileID: -8679921383154817045, guid: 58c2ea371c5d7b243915868998ed55bb,
        type: 3}
      propertyPath: m_LocalEulerAnglesHint.z
      value: 0
      objectReference: {fileID: 0}
    - target: {fileID: -7511558181221131132, guid: 58c2ea371c5d7b243915868998ed55bb,
        type: 3}
      propertyPath: m_Materials.Array.data[0]
      value: 
      objectReference: {fileID: 2100000, guid: 8516c1ec5a1acba4a861d1ed4d1ed553, type: 2}
    - target: {fileID: 919132149155446097, guid: 58c2ea371c5d7b243915868998ed55bb,
        type: 3}
      propertyPath: m_Name
      value: ButterflyTaxidermy
      objectReference: {fileID: 0}
    m_RemovedComponents: []
  m_SourcePrefab: {fileID: 100100000, guid: 58c2ea371c5d7b243915868998ed55bb, type: 3}
--- !u!4 &6235400256978816121 stripped
Transform:
  m_CorrespondingSourceObject: {fileID: -8679921383154817045, guid: 58c2ea371c5d7b243915868998ed55bb,
    type: 3}
  m_PrefabInstance: {fileID: 5837278654142835602}
  m_PrefabAsset: {fileID: 0}
