%YAML 1.1
%TAG !u! tag:unity3d.com,2011:
--- !u!1 &1140854040519263804
GameObject:
  m_ObjectHideFlags: 0
  m_CorrespondingSourceObject: {fileID: 0}
  m_PrefabInstance: {fileID: 0}
  m_PrefabAsset: {fileID: 0}
  serializedVersion: 6
  m_Component:
  - component: {fileID: 4147385813735224367}
  - component: {fileID: 4960011110592908825}
  - component: {fileID: 1723179603187102432}
  - component: {fileID: 6646743450184239147}
  - component: {fileID: 6151530865388954398}
  - component: {fileID: 8835425711657336053}
  m_Layer: 0
  m_Name: DoorWedgeWorldModel
  m_TagString: Untagged
  m_Icon: {fileID: 0}
  m_NavMeshLayer: 0
  m_StaticEditorFlags: 0
  m_IsActive: 1
--- !u!4 &4147385813735224367
Transform:
  m_ObjectHideFlags: 0
  m_CorrespondingSourceObject: {fileID: 0}
  m_PrefabInstance: {fileID: 0}
  m_PrefabAsset: {fileID: 0}
  m_GameObject: {fileID: 1140854040519263804}
  m_LocalRotation: {x: -0, y: -0, z: -0, w: 1}
  m_LocalPosition: {x: -67.98372, y: -12.413, z: -55.96335}
  m_LocalScale: {x: 1, y: 1, z: 1}
  m_Children:
  - {fileID: 3172206513483871619}
  - {fileID: 1043331352210266044}
  m_Father: {fileID: 0}
  m_RootOrder: 0
  m_LocalEulerAnglesHint: {x: 0, y: 0, z: 0}
--- !u!33 &4960011110592908825
MeshFilter:
  m_ObjectHideFlags: 0
  m_CorrespondingSourceObject: {fileID: 0}
  m_PrefabInstance: {fileID: 0}
  m_PrefabAsset: {fileID: 0}
  m_GameObject: {fileID: 1140854040519263804}
  m_Mesh: {fileID: -5473772005050185516, guid: 487aeb5cc21891e4d9f62f3dfeb02797, type: 3}
--- !u!23 &1723179603187102432
MeshRenderer:
  m_ObjectHideFlags: 0
  m_CorrespondingSourceObject: {fileID: 0}
  m_PrefabInstance: {fileID: 0}
  m_PrefabAsset: {fileID: 0}
  m_GameObject: {fileID: 1140854040519263804}
  m_Enabled: 1
  m_CastShadows: 1
  m_ReceiveShadows: 1
  m_DynamicOccludee: 1
  m_StaticShadowCaster: 0
  m_MotionVectors: 1
  m_LightProbeUsage: 1
  m_ReflectionProbeUsage: 1
  m_RayTracingMode: 2
  m_RayTraceProcedural: 0
  m_RenderingLayerMask: 1
  m_RendererPriority: 0
  m_Materials:
  - {fileID: 2100000, guid: d7e4e9d24659eb2409b05c0fa2512efe, type: 2}
  m_StaticBatchInfo:
    firstSubMesh: 0
    subMeshCount: 0
  m_StaticBatchRoot: {fileID: 0}
  m_ProbeAnchor: {fileID: 0}
  m_LightProbeVolumeOverride: {fileID: 0}
  m_ScaleInLightmap: 1
  m_ReceiveGI: 1
  m_PreserveUVs: 0
  m_IgnoreNormalsForChartDetection: 0
  m_ImportantGI: 0
  m_StitchLightmapSeams: 1
  m_SelectedEditorRenderState: 3
  m_MinimumChartSize: 4
  m_AutoUVMaxDistance: 0.5
  m_AutoUVMaxAngle: 89
  m_LightmapParameters: {fileID: 0}
  m_SortingLayerID: 0
  m_SortingLayer: 0
  m_SortingOrder: 0
  m_AdditionalVertexStreams: {fileID: 0}
--- !u!64 &6646743450184239147
MeshCollider:
  m_ObjectHideFlags: 0
  m_CorrespondingSourceObject: {fileID: 0}
  m_PrefabInstance: {fileID: 0}
  m_PrefabAsset: {fileID: 0}
  m_GameObject: {fileID: 1140854040519263804}
  m_Material: {fileID: 0}
  m_IsTrigger: 0
  m_Enabled: 1
  serializedVersion: 4
  m_Convex: 1
  m_CookingOptions: 30
  m_Mesh: {fileID: -5473772005050185516, guid: 487aeb5cc21891e4d9f62f3dfeb02797, type: 3}
--- !u!114 &6151530865388954398
MonoBehaviour:
  m_ObjectHideFlags: 0
  m_CorrespondingSourceObject: {fileID: 0}
  m_PrefabInstance: {fileID: 0}
  m_PrefabAsset: {fileID: 0}
  m_GameObject: {fileID: 1140854040519263804}
  m_Enabled: 1
  m_EditorHideFlags: 0
  m_Script: {fileID: 11500000, guid: ff412bc5692e0224e8f0e6696be8fc6d, type: 3}
  m_Name: 
  m_EditorClassIdentifier: 
  name: controller
  id: 0
  meshes:
  - {fileID: 1723179603187102432}
  - {fileID: 171839167819821900}
  - {fileID: 2314049223332565363}
  lod: {fileID: 8835425711657336053}
  rb: {fileID: 0}
  coll: {fileID: 6646743450184239147}
  altColl: {fileID: 0}
  flash: {fileID: 0}
  doorMovement: {fileID: 0}
  secondaryDoorMovement: {fileID: 0}
  thirdDoorMovement: {fileID: 0}
  lightController: {fileID: 0}
  steam: {fileID: 0}
  computer: {fileID: 0}
  securitySystem: {fileID: 0}
  fileSystem: {fileID: 0}
  pages: []
  particleSystem: {fileID: 0}
  lockParentOverride: {fileID: 0}
  lockedInTransformOffset: {x: 0, y: 0, z: 0}
  enableSwitchSync: 0
  switchSyncObjects: []
  isVisible: 1
  isCarriedByPlayer: 0
  carryProgress: 0
  physicsOn: 0
  minimumPhysicsTime: 0
  damageEligable: 0
  wasTrigger: 0
  lookAtTarget: {fileID: 0}
  interactionWindow: {fileID: 0}
  isDoor: {fileID: 0}
  isActor: {fileID: 0}
  belongsTo: {fileID: 0}
  isPhone: 0
  phoneReciever: {fileID: 0}
  particleSystemDistance: 20
  debugInteractable: []
  debugAngle: 0
  debugFurnitureAnchorNodePos: {x: 0, y: 0, z: 0}
  debugLocalPos: {x: 0, y: 0, z: 0}
  debugLocalEuler: {x: 0, y: 0, z: 0}
  debugWorldPos: {x: 0, y: 0, z: 0}
  debugInteractablePredictedWorldPos: {x: 0, y: 0, z: 0}
  debugNodeCoord: {x: 0, y: 0, z: 0}
  debugUsagePoint:
    useSetting:
      usageOffset: {x: 0, y: 0, z: 0.35}
      facingOffset: {x: 0, y: 0, z: 0}
      useNodeFloorPosition: 1
      useDoorBehaviour: 0
      useSittingOffset: 0
      useArmsStandingOffset: 0
    useageWorldPosition: {x: 0, y: 0, z: 0}
    worldLookAtPoint: {x: 0, y: 0, z: 0}
    debugDefaultSlot: {fileID: 0}
    debugSlot1: {fileID: 0}
    debugSlot2: {fileID: 0}
    slotLog: []
  debugOwnedBy: {fileID: 0}
  debugWrittenBy: {fileID: 0}
  debugReceivedBy: {fileID: 0}
  debugFurnitureOwnedBy: []
  debugSwitchState: 0
  debugState1: 0
  debugRoom: {fileID: 0}
  debugVent:
    ventID: 0
    ventType: 0
    room: {fileID: 0}
    group: {fileID: 0}
    mapButton: {fileID: 0}
    discovered: 0
    removed: 0
    spawned: {fileID: 0}
    debugNode: {x: 0, y: 0, z: 0}
    debugRoomNode: {x: 0, y: 0, z: 0}
  willBeSavedWithCity: 0
  willBeSavedWithState: 0
  isMainLight: 0
--- !u!205 &8835425711657336053
LODGroup:
  m_ObjectHideFlags: 0
  m_CorrespondingSourceObject: {fileID: 0}
  m_PrefabInstance: {fileID: 0}
  m_PrefabAsset: {fileID: 0}
  m_GameObject: {fileID: 1140854040519263804}
  serializedVersion: 2
  m_LocalReferencePoint: {x: 0, y: 0.02, z: 0}
  m_Size: 0.3000009
  m_FadeMode: 0
  m_AnimateCrossFading: 0
  m_LastLODIsBillboard: 0
  m_LODs:
  - screenRelativeHeight: 0.01
    fadeTransitionWidth: 0
    renderers:
    - renderer: {fileID: 1723179603187102432}
    - renderer: {fileID: 171839167819821900}
    - renderer: {fileID: 2314049223332565363}
  m_Enabled: 1
--- !u!1001 &5404350995328990374
PrefabInstance:
  m_ObjectHideFlags: 0
  serializedVersion: 2
  m_Modification:
    m_TransformParent: {fileID: 4147385813735224367}
    m_Modifications:
    - target: {fileID: -4216859302048453862, guid: f62eefbae116d894bac42b5b455d6365,
        type: 3}
      propertyPath: m_RootOrder
      value: 1
      objectReference: {fileID: 0}
    - target: {fileID: -4216859302048453862, guid: f62eefbae116d894bac42b5b455d6365,
        type: 3}
      propertyPath: m_LocalScale.z
      value: -1
      objectReference: {fileID: 0}
    - target: {fileID: -4216859302048453862, guid: f62eefbae116d894bac42b5b455d6365,
        type: 3}
      propertyPath: m_LocalPosition.x
      value: 0
      objectReference: {fileID: 0}
    - target: {fileID: -4216859302048453862, guid: f62eefbae116d894bac42b5b455d6365,
        type: 3}
      propertyPath: m_LocalPosition.y
      value: 0.01
      objectReference: {fileID: 0}
    - target: {fileID: -4216859302048453862, guid: f62eefbae116d894bac42b5b455d6365,
        type: 3}
      propertyPath: m_LocalPosition.z
      value: -0.02
      objectReference: {fileID: 0}
    - target: {fileID: -4216859302048453862, guid: f62eefbae116d894bac42b5b455d6365,
        type: 3}
      propertyPath: m_LocalRotation.w
      value: 1
      objectReference: {fileID: 0}
    - target: {fileID: -4216859302048453862, guid: f62eefbae116d894bac42b5b455d6365,
        type: 3}
      propertyPath: m_LocalRotation.x
      value: 0
      objectReference: {fileID: 0}
    - target: {fileID: -4216859302048453862, guid: f62eefbae116d894bac42b5b455d6365,
        type: 3}
      propertyPath: m_LocalRotation.y
      value: 0
      objectReference: {fileID: 0}
    - target: {fileID: -4216859302048453862, guid: f62eefbae116d894bac42b5b455d6365,
        type: 3}
      propertyPath: m_LocalRotation.z
      value: 0
      objectReference: {fileID: 0}
    - target: {fileID: -4216859302048453862, guid: f62eefbae116d894bac42b5b455d6365,
        type: 3}
      propertyPath: m_LocalEulerAnglesHint.x
      value: 0
      objectReference: {fileID: 0}
    - target: {fileID: -4216859302048453862, guid: f62eefbae116d894bac42b5b455d6365,
        type: 3}
      propertyPath: m_LocalEulerAnglesHint.y
      value: 0
      objectReference: {fileID: 0}
    - target: {fileID: -4216859302048453862, guid: f62eefbae116d894bac42b5b455d6365,
        type: 3}
      propertyPath: m_LocalEulerAnglesHint.z
      value: 0
      objectReference: {fileID: 0}
    - target: {fileID: -1504981713932161579, guid: f62eefbae116d894bac42b5b455d6365,
        type: 3}
      propertyPath: m_Materials.Array.data[0]
      value: 
      objectReference: {fileID: 2100000, guid: 66b25e12789801444aa98e7769a096eb, type: 2}
    - target: {fileID: -927199367670048503, guid: f62eefbae116d894bac42b5b455d6365,
        type: 3}
      propertyPath: m_Name
      value: DoorWedgeElement (1)
      objectReference: {fileID: 0}
    m_RemovedComponents:
    - {fileID: -6860895033569716450, guid: f62eefbae116d894bac42b5b455d6365, type: 3}
  m_SourcePrefab: {fileID: 100100000, guid: f62eefbae116d894bac42b5b455d6365, type: 3}
--- !u!4 &1043331352210266044 stripped
Transform:
  m_CorrespondingSourceObject: {fileID: -4216859302048453862, guid: f62eefbae116d894bac42b5b455d6365,
    type: 3}
  m_PrefabInstance: {fileID: 5404350995328990374}
  m_PrefabAsset: {fileID: 0}
--- !u!23 &2314049223332565363 stripped
MeshRenderer:
  m_CorrespondingSourceObject: {fileID: -1504981713932161579, guid: f62eefbae116d894bac42b5b455d6365,
    type: 3}
  m_PrefabInstance: {fileID: 5404350995328990374}
  m_PrefabAsset: {fileID: 0}
--- !u!1001 &7601871433533972121
PrefabInstance:
  m_ObjectHideFlags: 0
  serializedVersion: 2
  m_Modification:
    m_TransformParent: {fileID: 4147385813735224367}
    m_Modifications:
    - target: {fileID: -4216859302048453862, guid: f62eefbae116d894bac42b5b455d6365,
        type: 3}
      propertyPath: m_RootOrder
      value: 0
      objectReference: {fileID: 0}
    - target: {fileID: -4216859302048453862, guid: f62eefbae116d894bac42b5b455d6365,
        type: 3}
      propertyPath: m_LocalPosition.x
      value: 0
      objectReference: {fileID: 0}
    - target: {fileID: -4216859302048453862, guid: f62eefbae116d894bac42b5b455d6365,
        type: 3}
      propertyPath: m_LocalPosition.y
      value: 0.01
      objectReference: {fileID: 0}
    - target: {fileID: -4216859302048453862, guid: f62eefbae116d894bac42b5b455d6365,
        type: 3}
      propertyPath: m_LocalPosition.z
      value: 0.02
      objectReference: {fileID: 0}
    - target: {fileID: -4216859302048453862, guid: f62eefbae116d894bac42b5b455d6365,
        type: 3}
      propertyPath: m_LocalRotation.w
      value: 1
      objectReference: {fileID: 0}
    - target: {fileID: -4216859302048453862, guid: f62eefbae116d894bac42b5b455d6365,
        type: 3}
      propertyPath: m_LocalRotation.x
      value: 0
      objectReference: {fileID: 0}
    - target: {fileID: -4216859302048453862, guid: f62eefbae116d894bac42b5b455d6365,
        type: 3}
      propertyPath: m_LocalRotation.y
      value: 0
      objectReference: {fileID: 0}
    - target: {fileID: -4216859302048453862, guid: f62eefbae116d894bac42b5b455d6365,
        type: 3}
      propertyPath: m_LocalRotation.z
      value: 0
      objectReference: {fileID: 0}
    - target: {fileID: -4216859302048453862, guid: f62eefbae116d894bac42b5b455d6365,
        type: 3}
      propertyPath: m_LocalEulerAnglesHint.x
      value: 0
      objectReference: {fileID: 0}
    - target: {fileID: -4216859302048453862, guid: f62eefbae116d894bac42b5b455d6365,
        type: 3}
      propertyPath: m_LocalEulerAnglesHint.y
      value: 0
      objectReference: {fileID: 0}
    - target: {fileID: -4216859302048453862, guid: f62eefbae116d894bac42b5b455d6365,
        type: 3}
      propertyPath: m_LocalEulerAnglesHint.z
      value: 0
      objectReference: {fileID: 0}
    - target: {fileID: -1504981713932161579, guid: f62eefbae116d894bac42b5b455d6365,
        type: 3}
      propertyPath: m_Materials.Array.data[0]
      value: 
      objectReference: {fileID: 2100000, guid: 66b25e12789801444aa98e7769a096eb, type: 2}
    - target: {fileID: -927199367670048503, guid: f62eefbae116d894bac42b5b455d6365,
        type: 3}
      propertyPath: m_Name
      value: DoorWedgeElement
      objectReference: {fileID: 0}
    m_RemovedComponents:
    - {fileID: -6860895033569716450, guid: f62eefbae116d894bac42b5b455d6365, type: 3}
  m_SourcePrefab: {fileID: 100100000, guid: f62eefbae116d894bac42b5b455d6365, type: 3}
--- !u!4 &3172206513483871619 stripped
Transform:
  m_CorrespondingSourceObject: {fileID: -4216859302048453862, guid: f62eefbae116d894bac42b5b455d6365,
    type: 3}
  m_PrefabInstance: {fileID: 7601871433533972121}
  m_PrefabAsset: {fileID: 0}
--- !u!23 &171839167819821900 stripped
MeshRenderer:
  m_CorrespondingSourceObject: {fileID: -1504981713932161579, guid: f62eefbae116d894bac42b5b455d6365,
    type: 3}
  m_PrefabInstance: {fileID: 7601871433533972121}
  m_PrefabAsset: {fileID: 0}
