%YAML 1.1
%TAG !u! tag:unity3d.com,2011:
--- !u!1 &1284402772339101287
GameObject:
  m_ObjectHideFlags: 0
  m_CorrespondingSourceObject: {fileID: 0}
  m_PrefabInstance: {fileID: 0}
  m_PrefabAsset: {fileID: 0}
  serializedVersion: 6
  m_Component:
  - component: {fileID: 1284402772339101286}
  - component: {fileID: 1284402772339101284}
  - component: {fileID: 1284402772339101285}
  m_Layer: 5
  m_Name: NameText
  m_TagString: Untagged
  m_Icon: {fileID: 0}
  m_NavMeshLayer: 0
  m_StaticEditorFlags: 0
  m_IsActive: 1
--- !u!224 &1284402772339101286
RectTransform:
  m_ObjectHideFlags: 0
  m_CorrespondingSourceObject: {fileID: 0}
  m_PrefabInstance: {fileID: 0}
  m_PrefabAsset: {fileID: 0}
  m_GameObject: {fileID: 1284402772339101287}
  m_LocalRotation: {x: 0, y: 0, z: 0, w: 1}
  m_LocalPosition: {x: 0, y: 0, z: 0}
  m_LocalScale: {x: 1, y: 1, z: 1}
  m_Children: []
  m_Father: {fileID: 3718314437712283997}
  m_RootOrder: 1
  m_LocalEulerAnglesHint: {x: 0, y: 0, z: 0}
  m_AnchorMin: {x: 0, y: 0}
  m_AnchorMax: {x: 1, y: 1}
  m_AnchoredPosition: {x: 59, y: 29.95}
  m_SizeDelta: {x: -218, y: -79.9}
  m_Pivot: {x: 0.5, y: 0.5}
--- !u!222 &1284402772339101284
CanvasRenderer:
  m_ObjectHideFlags: 0
  m_CorrespondingSourceObject: {fileID: 0}
  m_PrefabInstance: {fileID: 0}
  m_PrefabAsset: {fileID: 0}
  m_GameObject: {fileID: 1284402772339101287}
  m_CullTransparentMesh: 0
--- !u!114 &1284402772339101285
MonoBehaviour:
  m_ObjectHideFlags: 0
  m_CorrespondingSourceObject: {fileID: 0}
  m_PrefabInstance: {fileID: 0}
  m_PrefabAsset: {fileID: 0}
  m_GameObject: {fileID: 1284402772339101287}
  m_Enabled: 1
  m_EditorHideFlags: 0
  m_Script: {fileID: 11500000, guid: f4688fdb7df04437aeb418b961361dc5, type: 3}
  m_Name: 
  m_EditorClassIdentifier: 
  m_Material: {fileID: 0}
  m_Color: {r: 1, g: 1, b: 1, a: 1}
  m_RaycastTarget: 0
  m_RaycastPadding: {x: 0, y: 0, z: 0, w: 0}
  m_Maskable: 1
  m_OnCullStateChanged:
    m_PersistentCalls:
      m_Calls: []
  m_text: '[Decor Item Name]'
  m_isRightToLeft: 0
  m_fontAsset: {fileID: 11400000, guid: 59decd68d13f519499881c5af4fe7a43, type: 2}
  m_sharedMaterial: {fileID: -8292062883078529217, guid: 59decd68d13f519499881c5af4fe7a43,
    type: 2}
  m_fontSharedMaterials: []
  m_fontMaterial: {fileID: 0}
  m_fontMaterials: []
  m_fontColor32:
    serializedVersion: 2
    rgba: 4280887337
  m_fontColor: {r: 0.16078432, g: 0.15686275, b: 0.16078432, a: 1}
  m_enableVertexGradient: 0
  m_colorMode: 3
  m_fontColorGradient:
    topLeft: {r: 1, g: 1, b: 1, a: 1}
    topRight: {r: 1, g: 1, b: 1, a: 1}
    bottomLeft: {r: 1, g: 1, b: 1, a: 1}
    bottomRight: {r: 1, g: 1, b: 1, a: 1}
  m_fontColorGradientPreset: {fileID: 0}
  m_spriteAsset: {fileID: 0}
  m_tintAllSprites: 0
  m_StyleSheet: {fileID: 0}
  m_TextStyleHashCode: -1183493901
  m_overrideHtmlColors: 0
  m_faceColor:
    serializedVersion: 2
    rgba: 4294967295
  m_fontSize: 24
  m_fontSizeBase: 28
  m_fontWeight: 400
  m_enableAutoSizing: 1
  m_fontSizeMin: 10
  m_fontSizeMax: 24
  m_fontStyle: 0
  m_HorizontalAlignment: 1
  m_VerticalAlignment: 512
  m_textAlignment: 65535
  m_characterSpacing: 0
  m_wordSpacing: 0
  m_lineSpacing: 0
  m_lineSpacingMax: 0
  m_paragraphSpacing: 0
  m_charWidthMaxAdj: 0
  m_enableWordWrapping: 1
  m_wordWrappingRatios: 0.4
  m_overflowMode: 3
  m_linkedTextComponent: {fileID: 0}
  parentLinkedComponent: {fileID: 0}
  m_enableKerning: 1
  m_enableExtraPadding: 0
  checkPaddingRequired: 0
  m_isRichText: 1
  m_parseCtrlCharacters: 1
  m_isOrthographic: 1
  m_isCullingEnabled: 0
  m_horizontalMapping: 0
  m_verticalMapping: 0
  m_uvLineOffset: 0
  m_geometrySortingOrder: 0
  m_IsTextObjectScaleStatic: 0
  m_VertexBufferAutoSizeReduction: 1
  m_useMaxVisibleDescender: 1
  m_pageToDisplay: 1
  m_margin: {x: 0, y: 0, z: 0, w: 0}
  m_isUsingLegacyAnimationComponent: 0
  m_isVolumetricText: 0
  m_hasFontAssetChanged: 0
  m_baseMaterial: {fileID: 0}
  m_maskOffset: {x: 0, y: 0, z: 0, w: 0}
--- !u!1 &1434334009113865119
GameObject:
  m_ObjectHideFlags: 0
  m_CorrespondingSourceObject: {fileID: 0}
  m_PrefabInstance: {fileID: 0}
  m_PrefabAsset: {fileID: 0}
  serializedVersion: 6
  m_Component:
  - component: {fileID: 3801065674869911323}
  - component: {fileID: 864218696927797792}
  - component: {fileID: 4800068929993527293}
  m_Layer: 5
  m_Name: Text
  m_TagString: Untagged
  m_Icon: {fileID: 0}
  m_NavMeshLayer: 0
  m_StaticEditorFlags: 0
  m_IsActive: 1
--- !u!224 &3801065674869911323
RectTransform:
  m_ObjectHideFlags: 0
  m_CorrespondingSourceObject: {fileID: 0}
  m_PrefabInstance: {fileID: 0}
  m_PrefabAsset: {fileID: 0}
  m_GameObject: {fileID: 1434334009113865119}
  m_LocalRotation: {x: 0, y: 0, z: 0, w: 1}
  m_LocalPosition: {x: 0, y: 0, z: 0}
  m_LocalScale: {x: 1, y: 1, z: 1}
  m_Children: []
  m_Father: {fileID: 5806441356015543178}
  m_RootOrder: 0
  m_LocalEulerAnglesHint: {x: 0, y: 0, z: 0}
  m_AnchorMin: {x: 0, y: 0}
  m_AnchorMax: {x: 1, y: 1}
  m_AnchoredPosition: {x: 0, y: 0}
  m_SizeDelta: {x: -16, y: -16}
  m_Pivot: {x: 0.5, y: 0.5}
--- !u!222 &864218696927797792
CanvasRenderer:
  m_ObjectHideFlags: 0
  m_CorrespondingSourceObject: {fileID: 0}
  m_PrefabInstance: {fileID: 0}
  m_PrefabAsset: {fileID: 0}
  m_GameObject: {fileID: 1434334009113865119}
  m_CullTransparentMesh: 0
--- !u!114 &4800068929993527293
MonoBehaviour:
  m_ObjectHideFlags: 0
  m_CorrespondingSourceObject: {fileID: 0}
  m_PrefabInstance: {fileID: 0}
  m_PrefabAsset: {fileID: 0}
  m_GameObject: {fileID: 1434334009113865119}
  m_Enabled: 1
  m_EditorHideFlags: 0
  m_Script: {fileID: 11500000, guid: f4688fdb7df04437aeb418b961361dc5, type: 3}
  m_Name: 
  m_EditorClassIdentifier: 
  m_Material: {fileID: 0}
  m_Color: {r: 1, g: 1, b: 1, a: 1}
  m_RaycastTarget: 0
  m_RaycastPadding: {x: 0, y: 0, z: 0, w: 0}
  m_Maskable: 1
  m_OnCullStateChanged:
    m_PersistentCalls:
      m_Calls: []
  m_text: '[Place]'
  m_isRightToLeft: 0
  m_fontAsset: {fileID: 11400000, guid: 59decd68d13f519499881c5af4fe7a43, type: 2}
  m_sharedMaterial: {fileID: -8292062883078529217, guid: 59decd68d13f519499881c5af4fe7a43,
    type: 2}
  m_fontSharedMaterials: []
  m_fontMaterial: {fileID: 0}
  m_fontMaterials: []
  m_fontColor32:
    serializedVersion: 2
    rgba: 4280887337
  m_fontColor: {r: 0.16078432, g: 0.15686275, b: 0.16078432, a: 1}
  m_enableVertexGradient: 0
  m_colorMode: 3
  m_fontColorGradient:
    topLeft: {r: 1, g: 1, b: 1, a: 1}
    topRight: {r: 1, g: 1, b: 1, a: 1}
    bottomLeft: {r: 1, g: 1, b: 1, a: 1}
    bottomRight: {r: 1, g: 1, b: 1, a: 1}
  m_fontColorGradientPreset: {fileID: 0}
  m_spriteAsset: {fileID: 0}
  m_tintAllSprites: 0
  m_StyleSheet: {fileID: 0}
  m_TextStyleHashCode: -1183493901
  m_overrideHtmlColors: 0
  m_faceColor:
    serializedVersion: 2
    rgba: 4294967295
  m_fontSize: 24
  m_fontSizeBase: 28
  m_fontWeight: 400
  m_enableAutoSizing: 1
  m_fontSizeMin: 10
  m_fontSizeMax: 24
  m_fontStyle: 0
  m_HorizontalAlignment: 2
  m_VerticalAlignment: 512
  m_textAlignment: 65535
  m_characterSpacing: 0
  m_wordSpacing: 0
  m_lineSpacing: 0
  m_lineSpacingMax: 0
  m_paragraphSpacing: 0
  m_charWidthMaxAdj: 0
  m_enableWordWrapping: 1
  m_wordWrappingRatios: 0.4
  m_overflowMode: 3
  m_linkedTextComponent: {fileID: 0}
  parentLinkedComponent: {fileID: 0}
  m_enableKerning: 1
  m_enableExtraPadding: 0
  checkPaddingRequired: 0
  m_isRichText: 1
  m_parseCtrlCharacters: 1
  m_isOrthographic: 1
  m_isCullingEnabled: 0
  m_horizontalMapping: 0
  m_verticalMapping: 0
  m_uvLineOffset: 0
  m_geometrySortingOrder: 0
  m_IsTextObjectScaleStatic: 0
  m_VertexBufferAutoSizeReduction: 1
  m_useMaxVisibleDescender: 1
  m_pageToDisplay: 1
  m_margin: {x: 0, y: 0, z: 0, w: 0}
  m_isUsingLegacyAnimationComponent: 0
  m_isVolumetricText: 0
  m_hasFontAssetChanged: 0
  m_baseMaterial: {fileID: 0}
  m_maskOffset: {x: 0, y: 0, z: 0, w: 0}
--- !u!1 &2161912479991930036
GameObject:
  m_ObjectHideFlags: 0
  m_CorrespondingSourceObject: {fileID: 0}
  m_PrefabInstance: {fileID: 0}
  m_PrefabAsset: {fileID: 0}
  serializedVersion: 6
  m_Component:
  - component: {fileID: 1648370043455125474}
  - component: {fileID: 5483371063490513091}
  - component: {fileID: 7619610455592018050}
  m_Layer: 5
  m_Name: ImgBG
  m_TagString: Untagged
  m_Icon: {fileID: 0}
  m_NavMeshLayer: 0
  m_StaticEditorFlags: 0
  m_IsActive: 1
--- !u!224 &1648370043455125474
RectTransform:
  m_ObjectHideFlags: 0
  m_CorrespondingSourceObject: {fileID: 0}
  m_PrefabInstance: {fileID: 0}
  m_PrefabAsset: {fileID: 0}
  m_GameObject: {fileID: 2161912479991930036}
  m_LocalRotation: {x: 0, y: 0, z: 0, w: 1}
  m_LocalPosition: {x: 0, y: 0, z: 0}
  m_LocalScale: {x: 1, y: 1, z: 1}
  m_Children: []
  m_Father: {fileID: 3718314437712283997}
  m_RootOrder: 4
  m_LocalEulerAnglesHint: {x: 0, y: 0, z: 0}
  m_AnchorMin: {x: 0, y: 0.5}
  m_AnchorMax: {x: 0, y: 0.5}
  m_AnchoredPosition: {x: 10, y: 0}
  m_SizeDelta: {x: 104, y: 104}
  m_Pivot: {x: 0, y: 0.5}
--- !u!222 &5483371063490513091
CanvasRenderer:
  m_ObjectHideFlags: 0
  m_CorrespondingSourceObject: {fileID: 0}
  m_PrefabInstance: {fileID: 0}
  m_PrefabAsset: {fileID: 0}
  m_GameObject: {fileID: 2161912479991930036}
  m_CullTransparentMesh: 1
--- !u!114 &7619610455592018050
MonoBehaviour:
  m_ObjectHideFlags: 0
  m_CorrespondingSourceObject: {fileID: 0}
  m_PrefabInstance: {fileID: 0}
  m_PrefabAsset: {fileID: 0}
  m_GameObject: {fileID: 2161912479991930036}
  m_Enabled: 1
  m_EditorHideFlags: 0
  m_Script: {fileID: 11500000, guid: fe87c0e1cc204ed48ad3b37840f39efc, type: 3}
  m_Name: 
  m_EditorClassIdentifier: 
  m_Material: {fileID: 0}
  m_Color: {r: 0.5808823, g: 0.4925128, b: 0.4527465, a: 1}
  m_RaycastTarget: 0
  m_RaycastPadding: {x: 0, y: 0, z: 0, w: 0}
  m_Maskable: 1
  m_OnCullStateChanged:
    m_PersistentCalls:
      m_Calls: []
  m_Sprite: {fileID: 0}
  m_Type: 0
  m_PreserveAspect: 0
  m_FillCenter: 1
  m_FillMethod: 4
  m_FillAmount: 1
  m_FillClockwise: 1
  m_FillOrigin: 0
  m_UseSpriteMesh: 0
  m_PixelsPerUnitMultiplier: 1
--- !u!1 &2782116476056402720
GameObject:
  m_ObjectHideFlags: 0
  m_CorrespondingSourceObject: {fileID: 0}
  m_PrefabInstance: {fileID: 0}
  m_PrefabAsset: {fileID: 0}
  serializedVersion: 6
  m_Component:
  - component: {fileID: 7978919062385399347}
  - component: {fileID: 3731387563857883930}
  - component: {fileID: 1119491231022712347}
  m_Layer: 5
  m_Name: Text
  m_TagString: Untagged
  m_Icon: {fileID: 0}
  m_NavMeshLayer: 0
  m_StaticEditorFlags: 0
  m_IsActive: 1
--- !u!224 &7978919062385399347
RectTransform:
  m_ObjectHideFlags: 0
  m_CorrespondingSourceObject: {fileID: 0}
  m_PrefabInstance: {fileID: 0}
  m_PrefabAsset: {fileID: 0}
  m_GameObject: {fileID: 2782116476056402720}
  m_LocalRotation: {x: 0, y: 0, z: 0, w: 1}
  m_LocalPosition: {x: 0, y: 0, z: 0}
  m_LocalScale: {x: 1, y: 1, z: 1}
  m_Children: []
  m_Father: {fileID: 1870742622937135494}
  m_RootOrder: 0
  m_LocalEulerAnglesHint: {x: 0, y: 0, z: 0}
  m_AnchorMin: {x: 0, y: 0}
  m_AnchorMax: {x: 1, y: 1}
  m_AnchoredPosition: {x: 0, y: 0}
  m_SizeDelta: {x: -16, y: -16}
  m_Pivot: {x: 0.5, y: 0.5}
--- !u!222 &3731387563857883930
CanvasRenderer:
  m_ObjectHideFlags: 0
  m_CorrespondingSourceObject: {fileID: 0}
  m_PrefabInstance: {fileID: 0}
  m_PrefabAsset: {fileID: 0}
  m_GameObject: {fileID: 2782116476056402720}
  m_CullTransparentMesh: 0
--- !u!114 &1119491231022712347
MonoBehaviour:
  m_ObjectHideFlags: 0
  m_CorrespondingSourceObject: {fileID: 0}
  m_PrefabInstance: {fileID: 0}
  m_PrefabAsset: {fileID: 0}
  m_GameObject: {fileID: 2782116476056402720}
  m_Enabled: 1
  m_EditorHideFlags: 0
  m_Script: {fileID: 11500000, guid: f4688fdb7df04437aeb418b961361dc5, type: 3}
  m_Name: 
  m_EditorClassIdentifier: 
  m_Material: {fileID: 0}
  m_Color: {r: 1, g: 1, b: 1, a: 1}
  m_RaycastTarget: 0
  m_RaycastPadding: {x: 0, y: 0, z: 0, w: 0}
  m_Maskable: 1
  m_OnCullStateChanged:
    m_PersistentCalls:
      m_Calls: []
  m_text: '[Sell]'
  m_isRightToLeft: 0
  m_fontAsset: {fileID: 11400000, guid: 59decd68d13f519499881c5af4fe7a43, type: 2}
  m_sharedMaterial: {fileID: -8292062883078529217, guid: 59decd68d13f519499881c5af4fe7a43,
    type: 2}
  m_fontSharedMaterials: []
  m_fontMaterial: {fileID: 0}
  m_fontMaterials: []
  m_fontColor32:
    serializedVersion: 2
    rgba: 4280887337
  m_fontColor: {r: 0.16078432, g: 0.15686275, b: 0.16078432, a: 1}
  m_enableVertexGradient: 0
  m_colorMode: 3
  m_fontColorGradient:
    topLeft: {r: 1, g: 1, b: 1, a: 1}
    topRight: {r: 1, g: 1, b: 1, a: 1}
    bottomLeft: {r: 1, g: 1, b: 1, a: 1}
    bottomRight: {r: 1, g: 1, b: 1, a: 1}
  m_fontColorGradientPreset: {fileID: 0}
  m_spriteAsset: {fileID: 0}
  m_tintAllSprites: 0
  m_StyleSheet: {fileID: 0}
  m_TextStyleHashCode: -1183493901
  m_overrideHtmlColors: 0
  m_faceColor:
    serializedVersion: 2
    rgba: 4294967295
  m_fontSize: 24
  m_fontSizeBase: 28
  m_fontWeight: 400
  m_enableAutoSizing: 1
  m_fontSizeMin: 10
  m_fontSizeMax: 24
  m_fontStyle: 0
  m_HorizontalAlignment: 2
  m_VerticalAlignment: 512
  m_textAlignment: 65535
  m_characterSpacing: 0
  m_wordSpacing: 0
  m_lineSpacing: 0
  m_lineSpacingMax: 0
  m_paragraphSpacing: 0
  m_charWidthMaxAdj: 0
  m_enableWordWrapping: 1
  m_wordWrappingRatios: 0.4
  m_overflowMode: 3
  m_linkedTextComponent: {fileID: 0}
  parentLinkedComponent: {fileID: 0}
  m_enableKerning: 1
  m_enableExtraPadding: 0
  checkPaddingRequired: 0
  m_isRichText: 1
  m_parseCtrlCharacters: 1
  m_isOrthographic: 1
  m_isCullingEnabled: 0
  m_horizontalMapping: 0
  m_verticalMapping: 0
  m_uvLineOffset: 0
  m_geometrySortingOrder: 0
  m_IsTextObjectScaleStatic: 0
  m_VertexBufferAutoSizeReduction: 1
  m_useMaxVisibleDescender: 1
  m_pageToDisplay: 1
  m_margin: {x: 0, y: 0, z: 0, w: 0}
  m_isUsingLegacyAnimationComponent: 0
  m_isVolumetricText: 0
  m_hasFontAssetChanged: 0
  m_baseMaterial: {fileID: 0}
  m_maskOffset: {x: 0, y: 0, z: 0, w: 0}
--- !u!1 &2938441042915163631
GameObject:
  m_ObjectHideFlags: 0
  m_CorrespondingSourceObject: {fileID: 0}
  m_PrefabInstance: {fileID: 0}
  m_PrefabAsset: {fileID: 0}
  serializedVersion: 6
  m_Component:
  - component: {fileID: 5806441356015543178}
  - component: {fileID: 5882229169280512541}
  - component: {fileID: 7960718550809224430}
  - component: {fileID: 9198034265365219741}
  - component: {fileID: 7316279548831826679}
  - component: {fileID: 5853948480797816699}
  m_Layer: 5
  m_Name: PlaceButton
  m_TagString: Untagged
  m_Icon: {fileID: 0}
  m_NavMeshLayer: 0
  m_StaticEditorFlags: 0
  m_IsActive: 1
--- !u!224 &5806441356015543178
RectTransform:
  m_ObjectHideFlags: 0
  m_CorrespondingSourceObject: {fileID: 0}
  m_PrefabInstance: {fileID: 0}
  m_PrefabAsset: {fileID: 0}
  m_GameObject: {fileID: 2938441042915163631}
  m_LocalRotation: {x: -0, y: -0, z: -0, w: 1}
  m_LocalPosition: {x: 0, y: 0, z: 0}
  m_LocalScale: {x: 1, y: 1, z: 1}
  m_Children:
  - {fileID: 3801065674869911323}
  m_Father: {fileID: 3718314437712283997}
  m_RootOrder: 6
  m_LocalEulerAnglesHint: {x: 0, y: 0, z: 0}
  m_AnchorMin: {x: 0, y: 0}
  m_AnchorMax: {x: 1, y: 0}
  m_AnchoredPosition: {x: -50, y: 6}
  m_SizeDelta: {x: -340, y: 52}
  m_Pivot: {x: 0.5, y: 0}
--- !u!222 &5882229169280512541
CanvasRenderer:
  m_ObjectHideFlags: 0
  m_CorrespondingSourceObject: {fileID: 0}
  m_PrefabInstance: {fileID: 0}
  m_PrefabAsset: {fileID: 0}
  m_GameObject: {fileID: 2938441042915163631}
  m_CullTransparentMesh: 0
--- !u!114 &7960718550809224430
MonoBehaviour:
  m_ObjectHideFlags: 0
  m_CorrespondingSourceObject: {fileID: 0}
  m_PrefabInstance: {fileID: 0}
  m_PrefabAsset: {fileID: 0}
  m_GameObject: {fileID: 2938441042915163631}
  m_Enabled: 1
  m_EditorHideFlags: 0
  m_Script: {fileID: 11500000, guid: fe87c0e1cc204ed48ad3b37840f39efc, type: 3}
  m_Name: 
  m_EditorClassIdentifier: 
  m_Material: {fileID: 0}
  m_Color: {r: 1, g: 1, b: 1, a: 1}
  m_RaycastTarget: 1
  m_RaycastPadding: {x: 0, y: 0, z: 0, w: 0}
  m_Maskable: 1
  m_OnCullStateChanged:
    m_PersistentCalls:
      m_Calls: []
  m_Sprite: {fileID: 21300000, guid: 7df669975ab017244bfe02d4e402207c, type: 3}
  m_Type: 1
  m_PreserveAspect: 0
  m_FillCenter: 1
  m_FillMethod: 4
  m_FillAmount: 1
  m_FillClockwise: 1
  m_FillOrigin: 0
  m_UseSpriteMesh: 0
  m_PixelsPerUnitMultiplier: 1
--- !u!114 &9198034265365219741
MonoBehaviour:
  m_ObjectHideFlags: 0
  m_CorrespondingSourceObject: {fileID: 0}
  m_PrefabInstance: {fileID: 0}
  m_PrefabAsset: {fileID: 0}
  m_GameObject: {fileID: 2938441042915163631}
  m_Enabled: 1
  m_EditorHideFlags: 0
  m_Script: {fileID: 11500000, guid: 4e29b1a8efbd4b44bb3f3716e73f07ff, type: 3}
  m_Name: 
  m_EditorClassIdentifier: 
  m_Navigation:
    m_Mode: 2
    m_WrapAround: 0
    m_SelectOnUp: {fileID: 0}
    m_SelectOnDown: {fileID: 0}
    m_SelectOnLeft: {fileID: 0}
    m_SelectOnRight: {fileID: 0}
  m_Transition: 1
  m_Colors:
    m_NormalColor: {r: 0.5808823, g: 0.4925128, b: 0.4527465, a: 1}
    m_HighlightedColor: {r: 0.8602941, g: 0.75297546, b: 0.67052335, a: 1}
    m_PressedColor: {r: 0.5808823, g: 0.4925128, b: 0.4527465, a: 1}
    m_SelectedColor: {r: 0.5808823, g: 0.4925128, b: 0.4527465, a: 1}
    m_DisabledColor: {r: 0.78431374, g: 0.78431374, b: 0.78431374, a: 0.5019608}
    m_ColorMultiplier: 1
    m_FadeDuration: 0.1
  m_SpriteState:
    m_HighlightedSprite: {fileID: 21300000, guid: 3e227e1afcbc1e644a4bdd89a1906fca,
      type: 3}
    m_PressedSprite: {fileID: 21300000, guid: 5428718f1871c9b41a922ec81e7a354e, type: 3}
    m_SelectedSprite: {fileID: 21300000, guid: 3e227e1afcbc1e644a4bdd89a1906fca, type: 3}
    m_DisabledSprite: {fileID: 21300000, guid: 2ed44d46fda4534448ce4452ce62c146, type: 3}
  m_AnimationTriggers:
    m_NormalTrigger: Normal
    m_HighlightedTrigger: Highlighted
    m_PressedTrigger: Pressed
    m_SelectedTrigger: Highlighted
    m_DisabledTrigger: Disabled
  m_Interactable: 1
  m_TargetGraphic: {fileID: 7960718550809224430}
  m_OnClick:
    m_PersistentCalls:
      m_Calls:
      - m_Target: {fileID: 8124723003579148140}
        m_TargetAssemblyTypeName: DecorElementController, Assembly-CSharp
        m_MethodName: OnPlaceButton
        m_Mode: 1
        m_Arguments:
          m_ObjectArgument: {fileID: 0}
          m_ObjectArgumentAssemblyTypeName: UnityEngine.Object, UnityEngine
          m_IntArgument: 0
          m_FloatArgument: 0
          m_StringArgument: 
          m_BoolArgument: 0
        m_CallState: 2
--- !u!114 &7316279548831826679
MonoBehaviour:
  m_ObjectHideFlags: 0
  m_CorrespondingSourceObject: {fileID: 0}
  m_PrefabInstance: {fileID: 0}
  m_PrefabAsset: {fileID: 0}
  m_GameObject: {fileID: 2938441042915163631}
  m_Enabled: 1
  m_EditorHideFlags: 0
  m_Script: {fileID: 11500000, guid: 78c583a7f37ef8346a927e3da5ffc2be, type: 3}
  m_Name: 
  m_EditorClassIdentifier: 
  rect: {fileID: 5806441356015543178}
  button: {fileID: 9198034265365219741}
  rend: {fileID: 5882229169280512541}
  background: {fileID: 7960718550809224430}
  icon: {fileID: 0}
  text: {fileID: 4800068929993527293}
  tooltip: {fileID: 0}
  juice: {fileID: 5853948480797816699}
  notifications: {fileID: 0}
  parentWindow: {fileID: 0}
  tabOf: {fileID: 0}
  additionalHighlightRect: {fileID: 0}
  isOver: 0
  forceAdditionalHighlighted: 0
  additionalHighlighted: 0
  interactable: 1
  setupReferences: 0
  baseColour: {r: 1, g: 1, b: 1, a: 1}
  scrollRectAutoScroll: 1
  scrollVertical: 1
  scrollHorizontal: 0
  findableForAutoNavigation: 1
  refreshControllerNavigationOnSetup: 0
  refreshControllerNavigationOnSelect: 0
  refreshControllerNavigationOnPress: 0
  includeInactiveSelectables: 0
  selectableSearchParentHierarchyThreshold: 1
  isEvidenceWindowButton: 1
  allowLeftNavigation: 1
  allowRightNavigation: 1
  allowUpNavigation: 1
  allowDownNavigation: 1
  thisNavRectPoint: 0
  otherNavRectPoint: 0
  ignoreParentsNamed: []
  secondaryIsRightClick: 0
  useAutomaticText: 0
  textDictionary: ui.interface
  textReference: Clear
  casing: 0
  menuMouseoverReference: 
  uninteractableTextAlpha: 0.25
  interactableTextAlpha: 1
  defaultSelectionPriority: 0
  useAdditionalHighlight: 1
  additionalHighlightPrefab: {fileID: 0}
  additionalHighlightColour: {r: 1, g: 1, b: 1, a: 1}
  additionalHighlightUninteractableColour: {r: 0.5, g: 0.5, b: 0.5, a: 1}
  additionalHighlightAtFront: 0
  additionalHighlightRectModifier: {x: 0, y: 0, z: 0, w: 0}
  nudgeOnClick: 1
  glowOnHighlight: 1
  useGenericAudioSounds: 1
  buttonType: 0
  buttonDown: {fileID: 0}
  clickPrimary: {fileID: 0}
  clickSecondary: {fileID: 0}
  rightClick: {fileID: 0}
--- !u!114 &5853948480797816699
MonoBehaviour:
  m_ObjectHideFlags: 0
  m_CorrespondingSourceObject: {fileID: 0}
  m_PrefabInstance: {fileID: 0}
  m_PrefabAsset: {fileID: 0}
  m_GameObject: {fileID: 2938441042915163631}
  m_Enabled: 1
  m_EditorHideFlags: 0
  m_Script: {fileID: 11500000, guid: 6d43e2ea134cf3f43a79b47c458f5005, type: 3}
  m_Name: 
  m_EditorClassIdentifier: 
  elements:
  - transformElement: {fileID: 5806441356015543178}
    imageElement: {fileID: 7960718550809224430}
    rawImageElement: {fileID: 0}
    renderer: {fileID: 0}
    originalColour: {r: 1, g: 1, b: 1, a: 1}
    getNormalColourAtStart: 1
    originalLocalPos: {x: 0, y: 0, z: 0}
    originalLocalRot: {x: 0, y: 0, z: 0}
    originalLocalScale: {x: 0, y: 0, z: 0}
    getNormalTransformAtStart: 0
  pulsateActive: 0
  pulsateScale: 0
  pulsateProgress: 0
  pulsateOnStart: 0
  pulsateColour: {r: 1, g: 0.8537736, b: 0.8794244, a: 1}
  pulsateSpeed: 2
  flashColour: {r: 0, g: 0, b: 0, a: 0}
  smoothPulsateOff: 0
  fancyAppearActive: 0
  appearSpeed: 2
  fancyDisappearActive: 0
  disappearSpeed: 2
--- !u!1 &3101342772655327429
GameObject:
  m_ObjectHideFlags: 0
  m_CorrespondingSourceObject: {fileID: 0}
  m_PrefabInstance: {fileID: 0}
  m_PrefabAsset: {fileID: 0}
  serializedVersion: 6
  m_Component:
  - component: {fileID: 870013502586376253}
  - component: {fileID: 6109118311787803111}
  - component: {fileID: 6448869751128090342}
  m_Layer: 5
  m_Name: EvidenceImage
  m_TagString: Untagged
  m_Icon: {fileID: 0}
  m_NavMeshLayer: 0
  m_StaticEditorFlags: 0
  m_IsActive: 1
--- !u!224 &870013502586376253
RectTransform:
  m_ObjectHideFlags: 0
  m_CorrespondingSourceObject: {fileID: 0}
  m_PrefabInstance: {fileID: 0}
  m_PrefabAsset: {fileID: 0}
  m_GameObject: {fileID: 3101342772655327429}
  m_LocalRotation: {x: 0, y: 0, z: 0, w: 1}
  m_LocalPosition: {x: 0, y: 0, z: 0}
  m_LocalScale: {x: 1, y: 1, z: 1}
  m_Children: []
  m_Father: {fileID: 3718314437712283997}
  m_RootOrder: 5
  m_LocalEulerAnglesHint: {x: 0, y: 0, z: 0}
  m_AnchorMin: {x: 0, y: 0.5}
  m_AnchorMax: {x: 0, y: 0.5}
  m_AnchoredPosition: {x: 12, y: 0}
  m_SizeDelta: {x: 100, y: 100}
  m_Pivot: {x: 0, y: 0.5}
--- !u!222 &6109118311787803111
CanvasRenderer:
  m_ObjectHideFlags: 0
  m_CorrespondingSourceObject: {fileID: 0}
  m_PrefabInstance: {fileID: 0}
  m_PrefabAsset: {fileID: 0}
  m_GameObject: {fileID: 3101342772655327429}
  m_CullTransparentMesh: 1
--- !u!114 &6448869751128090342
MonoBehaviour:
  m_ObjectHideFlags: 0
  m_CorrespondingSourceObject: {fileID: 0}
  m_PrefabInstance: {fileID: 0}
  m_PrefabAsset: {fileID: 0}
  m_GameObject: {fileID: 3101342772655327429}
  m_Enabled: 1
  m_EditorHideFlags: 0
  m_Script: {fileID: 11500000, guid: fe87c0e1cc204ed48ad3b37840f39efc, type: 3}
  m_Name: 
  m_EditorClassIdentifier: 
  m_Material: {fileID: 0}
  m_Color: {r: 1, g: 1, b: 1, a: 1}
  m_RaycastTarget: 0
  m_RaycastPadding: {x: 0, y: 0, z: 0, w: 0}
  m_Maskable: 1
  m_OnCullStateChanged:
    m_PersistentCalls:
      m_Calls: []
  m_Sprite: {fileID: 0}
  m_Type: 0
  m_PreserveAspect: 0
  m_FillCenter: 1
  m_FillMethod: 4
  m_FillAmount: 1
  m_FillClockwise: 1
  m_FillOrigin: 0
  m_UseSpriteMesh: 0
  m_PixelsPerUnitMultiplier: 1
--- !u!1 &5328343896395203764
GameObject:
  m_ObjectHideFlags: 0
  m_CorrespondingSourceObject: {fileID: 0}
  m_PrefabInstance: {fileID: 0}
  m_PrefabAsset: {fileID: 0}
  serializedVersion: 6
  m_Component:
  - component: {fileID: 1870742622937135494}
  - component: {fileID: 6617655969373304992}
  - component: {fileID: 8959733991461444893}
  - component: {fileID: 6750164139532397992}
  - component: {fileID: 2778048771185035482}
  - component: {fileID: 5304696065956442497}
  m_Layer: 5
  m_Name: SellButton
  m_TagString: Untagged
  m_Icon: {fileID: 0}
  m_NavMeshLayer: 0
  m_StaticEditorFlags: 0
  m_IsActive: 1
--- !u!224 &1870742622937135494
RectTransform:
  m_ObjectHideFlags: 0
  m_CorrespondingSourceObject: {fileID: 0}
  m_PrefabInstance: {fileID: 0}
  m_PrefabAsset: {fileID: 0}
  m_GameObject: {fileID: 5328343896395203764}
  m_LocalRotation: {x: -0, y: -0, z: -0, w: 1}
  m_LocalPosition: {x: 0, y: 0, z: 0}
  m_LocalScale: {x: 1, y: 1, z: 1}
  m_Children:
  - {fileID: 7978919062385399347}
  m_Father: {fileID: 3718314437712283997}
  m_RootOrder: 7
  m_LocalEulerAnglesHint: {x: 0, y: 0, z: 0}
  m_AnchorMin: {x: 0, y: 0}
  m_AnchorMax: {x: 1, y: 0}
  m_AnchoredPosition: {x: 165, y: 6}
  m_SizeDelta: {x: -346, y: 52}
  m_Pivot: {x: 0.5, y: 0}
--- !u!222 &6617655969373304992
CanvasRenderer:
  m_ObjectHideFlags: 0
  m_CorrespondingSourceObject: {fileID: 0}
  m_PrefabInstance: {fileID: 0}
  m_PrefabAsset: {fileID: 0}
  m_GameObject: {fileID: 5328343896395203764}
  m_CullTransparentMesh: 0
--- !u!114 &8959733991461444893
MonoBehaviour:
  m_ObjectHideFlags: 0
  m_CorrespondingSourceObject: {fileID: 0}
  m_PrefabInstance: {fileID: 0}
  m_PrefabAsset: {fileID: 0}
  m_GameObject: {fileID: 5328343896395203764}
  m_Enabled: 1
  m_EditorHideFlags: 0
  m_Script: {fileID: 11500000, guid: fe87c0e1cc204ed48ad3b37840f39efc, type: 3}
  m_Name: 
  m_EditorClassIdentifier: 
  m_Material: {fileID: 0}
  m_Color: {r: 1, g: 1, b: 1, a: 1}
  m_RaycastTarget: 1
  m_RaycastPadding: {x: 0, y: 0, z: 0, w: 0}
  m_Maskable: 1
  m_OnCullStateChanged:
    m_PersistentCalls:
      m_Calls: []
  m_Sprite: {fileID: 21300000, guid: 7df669975ab017244bfe02d4e402207c, type: 3}
  m_Type: 1
  m_PreserveAspect: 0
  m_FillCenter: 1
  m_FillMethod: 4
  m_FillAmount: 1
  m_FillClockwise: 1
  m_FillOrigin: 0
  m_UseSpriteMesh: 0
  m_PixelsPerUnitMultiplier: 1
--- !u!114 &6750164139532397992
MonoBehaviour:
  m_ObjectHideFlags: 0
  m_CorrespondingSourceObject: {fileID: 0}
  m_PrefabInstance: {fileID: 0}
  m_PrefabAsset: {fileID: 0}
  m_GameObject: {fileID: 5328343896395203764}
  m_Enabled: 1
  m_EditorHideFlags: 0
  m_Script: {fileID: 11500000, guid: 4e29b1a8efbd4b44bb3f3716e73f07ff, type: 3}
  m_Name: 
  m_EditorClassIdentifier: 
  m_Navigation:
    m_Mode: 2
    m_WrapAround: 0
    m_SelectOnUp: {fileID: 0}
    m_SelectOnDown: {fileID: 0}
    m_SelectOnLeft: {fileID: 0}
    m_SelectOnRight: {fileID: 0}
  m_Transition: 1
  m_Colors:
    m_NormalColor: {r: 0.5808823, g: 0.4925128, b: 0.4527465, a: 1}
    m_HighlightedColor: {r: 0.8602941, g: 0.75297546, b: 0.67052335, a: 1}
    m_PressedColor: {r: 0.5808823, g: 0.4925128, b: 0.4527465, a: 1}
    m_SelectedColor: {r: 0.5808823, g: 0.4925128, b: 0.4527465, a: 1}
    m_DisabledColor: {r: 0.78431374, g: 0.78431374, b: 0.78431374, a: 0.5019608}
    m_ColorMultiplier: 1
    m_FadeDuration: 0.1
  m_SpriteState:
    m_HighlightedSprite: {fileID: 21300000, guid: 3e227e1afcbc1e644a4bdd89a1906fca,
      type: 3}
    m_PressedSprite: {fileID: 21300000, guid: 5428718f1871c9b41a922ec81e7a354e, type: 3}
    m_SelectedSprite: {fileID: 21300000, guid: 3e227e1afcbc1e644a4bdd89a1906fca, type: 3}
    m_DisabledSprite: {fileID: 21300000, guid: 2ed44d46fda4534448ce4452ce62c146, type: 3}
  m_AnimationTriggers:
    m_NormalTrigger: Normal
    m_HighlightedTrigger: Highlighted
    m_PressedTrigger: Pressed
    m_SelectedTrigger: Highlighted
    m_DisabledTrigger: Disabled
  m_Interactable: 1
  m_TargetGraphic: {fileID: 8959733991461444893}
  m_OnClick:
    m_PersistentCalls:
      m_Calls:
      - m_Target: {fileID: 8124723003579148140}
        m_TargetAssemblyTypeName: DecorElementController, Assembly-CSharp
        m_MethodName: OnSellButton
        m_Mode: 1
        m_Arguments:
          m_ObjectArgument: {fileID: 0}
          m_ObjectArgumentAssemblyTypeName: UnityEngine.Object, UnityEngine
          m_IntArgument: 0
          m_FloatArgument: 0
          m_StringArgument: 
          m_BoolArgument: 0
        m_CallState: 2
--- !u!114 &2778048771185035482
MonoBehaviour:
  m_ObjectHideFlags: 0
  m_CorrespondingSourceObject: {fileID: 0}
  m_PrefabInstance: {fileID: 0}
  m_PrefabAsset: {fileID: 0}
  m_GameObject: {fileID: 5328343896395203764}
  m_Enabled: 1
  m_EditorHideFlags: 0
  m_Script: {fileID: 11500000, guid: 78c583a7f37ef8346a927e3da5ffc2be, type: 3}
  m_Name: 
  m_EditorClassIdentifier: 
  rect: {fileID: 1870742622937135494}
  button: {fileID: 6750164139532397992}
  rend: {fileID: 6617655969373304992}
  background: {fileID: 8959733991461444893}
  icon: {fileID: 0}
  text: {fileID: 1119491231022712347}
  tooltip: {fileID: 0}
  juice: {fileID: 5304696065956442497}
  notifications: {fileID: 0}
  parentWindow: {fileID: 0}
  tabOf: {fileID: 0}
  additionalHighlightRect: {fileID: 0}
  isOver: 0
  forceAdditionalHighlighted: 0
  additionalHighlighted: 0
  interactable: 1
  setupReferences: 0
  baseColour: {r: 1, g: 1, b: 1, a: 1}
  scrollRectAutoScroll: 1
  scrollVertical: 1
  scrollHorizontal: 0
  findableForAutoNavigation: 1
  refreshControllerNavigationOnSetup: 0
  refreshControllerNavigationOnSelect: 0
  refreshControllerNavigationOnPress: 0
  includeInactiveSelectables: 0
  selectableSearchParentHierarchyThreshold: 1
  isEvidenceWindowButton: 1
  allowLeftNavigation: 1
  allowRightNavigation: 1
  allowUpNavigation: 1
  allowDownNavigation: 1
  thisNavRectPoint: 0
  otherNavRectPoint: 0
  ignoreParentsNamed: []
  secondaryIsRightClick: 0
  useAutomaticText: 0
  textDictionary: ui.interface
  textReference: Clear
  casing: 0
  menuMouseoverReference: 
  uninteractableTextAlpha: 0.25
  interactableTextAlpha: 1
  defaultSelectionPriority: 0
  useAdditionalHighlight: 1
  additionalHighlightPrefab: {fileID: 0}
  additionalHighlightColour: {r: 1, g: 1, b: 1, a: 1}
  additionalHighlightUninteractableColour: {r: 0.5, g: 0.5, b: 0.5, a: 1}
  additionalHighlightAtFront: 0
  additionalHighlightRectModifier: {x: 0, y: 0, z: 0, w: 0}
  nudgeOnClick: 1
  glowOnHighlight: 1
  useGenericAudioSounds: 1
  buttonType: 0
  buttonDown: {fileID: 0}
  clickPrimary: {fileID: 0}
  clickSecondary: {fileID: 0}
  rightClick: {fileID: 0}
--- !u!114 &5304696065956442497
MonoBehaviour:
  m_ObjectHideFlags: 0
  m_CorrespondingSourceObject: {fileID: 0}
  m_PrefabInstance: {fileID: 0}
  m_PrefabAsset: {fileID: 0}
  m_GameObject: {fileID: 5328343896395203764}
  m_Enabled: 1
  m_EditorHideFlags: 0
  m_Script: {fileID: 11500000, guid: 6d43e2ea134cf3f43a79b47c458f5005, type: 3}
  m_Name: 
  m_EditorClassIdentifier: 
  elements:
  - transformElement: {fileID: 1870742622937135494}
    imageElement: {fileID: 8959733991461444893}
    rawImageElement: {fileID: 0}
    renderer: {fileID: 0}
    originalColour: {r: 1, g: 1, b: 1, a: 1}
    getNormalColourAtStart: 1
    originalLocalPos: {x: 0, y: 0, z: 0}
    originalLocalRot: {x: 0, y: 0, z: 0}
    originalLocalScale: {x: 0, y: 0, z: 0}
    getNormalTransformAtStart: 0
  pulsateActive: 0
  pulsateScale: 0
  pulsateProgress: 0
  pulsateOnStart: 0
  pulsateColour: {r: 1, g: 0.8537736, b: 0.8794244, a: 1}
  pulsateSpeed: 2
  flashColour: {r: 0, g: 0, b: 0, a: 0}
  smoothPulsateOff: 0
  fancyAppearActive: 0
  appearSpeed: 2
  fancyDisappearActive: 0
  disappearSpeed: 2
--- !u!1 &7828026675278405393
GameObject:
  m_ObjectHideFlags: 0
  m_CorrespondingSourceObject: {fileID: 0}
  m_PrefabInstance: {fileID: 0}
  m_PrefabAsset: {fileID: 0}
  serializedVersion: 6
  m_Component:
  - component: {fileID: 8047639805027467832}
  - component: {fileID: 5424977568445694708}
  - component: {fileID: 663135183553305587}
  m_Layer: 5
  m_Name: Image
  m_TagString: Untagged
  m_Icon: {fileID: 0}
  m_NavMeshLayer: 0
  m_StaticEditorFlags: 0
  m_IsActive: 1
--- !u!224 &8047639805027467832
RectTransform:
  m_ObjectHideFlags: 0
  m_CorrespondingSourceObject: {fileID: 0}
  m_PrefabInstance: {fileID: 0}
  m_PrefabAsset: {fileID: 0}
  m_GameObject: {fileID: 7828026675278405393}
  m_LocalRotation: {x: 0, y: 0, z: 0, w: 1}
  m_LocalPosition: {x: 0, y: 0, z: 0}
  m_LocalScale: {x: 1, y: 1, z: 1}
  m_Children: []
  m_Father: {fileID: 2730385597428083930}
  m_RootOrder: 0
  m_LocalEulerAnglesHint: {x: 0, y: 0, z: 0}
  m_AnchorMin: {x: 0, y: 0}
  m_AnchorMax: {x: 1, y: 1}
  m_AnchoredPosition: {x: 0, y: 0}
  m_SizeDelta: {x: -3.9999962, y: -4}
  m_Pivot: {x: 0.5, y: 0.5}
--- !u!222 &5424977568445694708
CanvasRenderer:
  m_ObjectHideFlags: 0
  m_CorrespondingSourceObject: {fileID: 0}
  m_PrefabInstance: {fileID: 0}
  m_PrefabAsset: {fileID: 0}
  m_GameObject: {fileID: 7828026675278405393}
  m_CullTransparentMesh: 1
--- !u!114 &663135183553305587
MonoBehaviour:
  m_ObjectHideFlags: 0
  m_CorrespondingSourceObject: {fileID: 0}
  m_PrefabInstance: {fileID: 0}
  m_PrefabAsset: {fileID: 0}
  m_GameObject: {fileID: 7828026675278405393}
  m_Enabled: 1
  m_EditorHideFlags: 0
  m_Script: {fileID: 11500000, guid: fe87c0e1cc204ed48ad3b37840f39efc, type: 3}
  m_Name: 
  m_EditorClassIdentifier: 
  m_Material: {fileID: 0}
  m_Color: {r: 0.16078432, g: 0.15686275, b: 0.16078432, a: 1}
  m_RaycastTarget: 0
  m_RaycastPadding: {x: 0, y: 0, z: 0, w: 0}
  m_Maskable: 1
  m_OnCullStateChanged:
    m_PersistentCalls:
      m_Calls: []
  m_Sprite: {fileID: 21300000, guid: 639f3c25aa08a2e47978df7c600b75b2, type: 3}
  m_Type: 0
  m_PreserveAspect: 1
  m_FillCenter: 1
  m_FillMethod: 4
  m_FillAmount: 1
  m_FillClockwise: 1
  m_FillOrigin: 0
  m_UseSpriteMesh: 0
  m_PixelsPerUnitMultiplier: 1
--- !u!1 &8104306501559165125
GameObject:
  m_ObjectHideFlags: 0
  m_CorrespondingSourceObject: {fileID: 0}
  m_PrefabInstance: {fileID: 0}
  m_PrefabAsset: {fileID: 0}
  serializedVersion: 6
  m_Component:
  - component: {fileID: 8987864256910568931}
  - component: {fileID: 6148633011658712164}
  - component: {fileID: 8212297958469621685}
  m_Layer: 5
  m_Name: LineBreak
  m_TagString: Untagged
  m_Icon: {fileID: 0}
  m_NavMeshLayer: 0
  m_StaticEditorFlags: 0
  m_IsActive: 1
--- !u!224 &8987864256910568931
RectTransform:
  m_ObjectHideFlags: 0
  m_CorrespondingSourceObject: {fileID: 0}
  m_PrefabInstance: {fileID: 0}
  m_PrefabAsset: {fileID: 0}
  m_GameObject: {fileID: 8104306501559165125}
  m_LocalRotation: {x: 0, y: 0, z: 0, w: 1}
  m_LocalPosition: {x: 0, y: 0, z: 0}
  m_LocalScale: {x: 1, y: 1, z: 1}
  m_Children: []
  m_Father: {fileID: 3718314437712283997}
  m_RootOrder: 3
  m_LocalEulerAnglesHint: {x: 0, y: 0, z: 0}
  m_AnchorMin: {x: 0, y: 1}
  m_AnchorMax: {x: 1, y: 1}
  m_AnchoredPosition: {x: 4, y: -58}
  m_SizeDelta: {x: -16.000069, y: 4}
  m_Pivot: {x: 0.5, y: 1}
--- !u!222 &6148633011658712164
CanvasRenderer:
  m_ObjectHideFlags: 0
  m_CorrespondingSourceObject: {fileID: 0}
  m_PrefabInstance: {fileID: 0}
  m_PrefabAsset: {fileID: 0}
  m_GameObject: {fileID: 8104306501559165125}
  m_CullTransparentMesh: 1
--- !u!114 &8212297958469621685
MonoBehaviour:
  m_ObjectHideFlags: 0
  m_CorrespondingSourceObject: {fileID: 0}
  m_PrefabInstance: {fileID: 0}
  m_PrefabAsset: {fileID: 0}
  m_GameObject: {fileID: 8104306501559165125}
  m_Enabled: 1
  m_EditorHideFlags: 0
  m_Script: {fileID: 11500000, guid: fe87c0e1cc204ed48ad3b37840f39efc, type: 3}
  m_Name: 
  m_EditorClassIdentifier: 
  m_Material: {fileID: 0}
  m_Color: {r: 0.5808823, g: 0.4925128, b: 0.4527465, a: 1}
  m_RaycastTarget: 0
  m_RaycastPadding: {x: 0, y: 0, z: 0, w: 0}
  m_Maskable: 1
  m_OnCullStateChanged:
    m_PersistentCalls:
      m_Calls: []
  m_Sprite: {fileID: 0}
  m_Type: 0
  m_PreserveAspect: 0
  m_FillCenter: 1
  m_FillMethod: 4
  m_FillAmount: 1
  m_FillClockwise: 1
  m_FillOrigin: 0
  m_UseSpriteMesh: 0
  m_PixelsPerUnitMultiplier: 1
--- !u!1 &8373028229706654868
GameObject:
  m_ObjectHideFlags: 0
  m_CorrespondingSourceObject: {fileID: 0}
  m_PrefabInstance: {fileID: 0}
  m_PrefabAsset: {fileID: 0}
  serializedVersion: 6
  m_Component:
  - component: {fileID: 2730385597428083930}
  - component: {fileID: 8186596494423582592}
  - component: {fileID: 2794792711627939030}
  - component: {fileID: 8788272068289618235}
  - component: {fileID: 3246453488067119332}
  - component: {fileID: 8077461165165131043}
  - component: {fileID: 5143747014125874105}
  m_Layer: 5
  m_Name: StorageButton
  m_TagString: Untagged
  m_Icon: {fileID: 0}
  m_NavMeshLayer: 0
  m_StaticEditorFlags: 0
  m_IsActive: 1
--- !u!224 &2730385597428083930
RectTransform:
  m_ObjectHideFlags: 0
  m_CorrespondingSourceObject: {fileID: 0}
  m_PrefabInstance: {fileID: 0}
  m_PrefabAsset: {fileID: 0}
  m_GameObject: {fileID: 8373028229706654868}
  m_LocalRotation: {x: -0, y: -0, z: -0, w: 1}
  m_LocalPosition: {x: 0, y: 0, z: 0}
  m_LocalScale: {x: 1, y: 1, z: 1}
  m_Children:
  - {fileID: 8047639805027467832}
  m_Father: {fileID: 3718314437712283997}
  m_RootOrder: 8
  m_LocalEulerAnglesHint: {x: 0, y: 0, z: 0}
  m_AnchorMin: {x: 1, y: 1}
  m_AnchorMax: {x: 1, y: 1}
  m_AnchoredPosition: {x: -8, y: -8}
  m_SizeDelta: {x: 70, y: 42}
  m_Pivot: {x: 1, y: 1}
--- !u!222 &8186596494423582592
CanvasRenderer:
  m_ObjectHideFlags: 0
  m_CorrespondingSourceObject: {fileID: 0}
  m_PrefabInstance: {fileID: 0}
  m_PrefabAsset: {fileID: 0}
  m_GameObject: {fileID: 8373028229706654868}
  m_CullTransparentMesh: 0
--- !u!114 &2794792711627939030
MonoBehaviour:
  m_ObjectHideFlags: 0
  m_CorrespondingSourceObject: {fileID: 0}
  m_PrefabInstance: {fileID: 0}
  m_PrefabAsset: {fileID: 0}
  m_GameObject: {fileID: 8373028229706654868}
  m_Enabled: 1
  m_EditorHideFlags: 0
  m_Script: {fileID: 11500000, guid: fe87c0e1cc204ed48ad3b37840f39efc, type: 3}
  m_Name: 
  m_EditorClassIdentifier: 
  m_Material: {fileID: 0}
  m_Color: {r: 1, g: 1, b: 1, a: 1}
  m_RaycastTarget: 1
  m_RaycastPadding: {x: 0, y: 0, z: 0, w: 0}
  m_Maskable: 1
  m_OnCullStateChanged:
    m_PersistentCalls:
      m_Calls: []
  m_Sprite: {fileID: 21300000, guid: 7df669975ab017244bfe02d4e402207c, type: 3}
  m_Type: 1
  m_PreserveAspect: 0
  m_FillCenter: 1
  m_FillMethod: 4
  m_FillAmount: 1
  m_FillClockwise: 1
  m_FillOrigin: 0
  m_UseSpriteMesh: 0
  m_PixelsPerUnitMultiplier: 1
--- !u!114 &8788272068289618235
MonoBehaviour:
  m_ObjectHideFlags: 0
  m_CorrespondingSourceObject: {fileID: 0}
  m_PrefabInstance: {fileID: 0}
  m_PrefabAsset: {fileID: 0}
  m_GameObject: {fileID: 8373028229706654868}
  m_Enabled: 1
  m_EditorHideFlags: 0
  m_Script: {fileID: 11500000, guid: 4e29b1a8efbd4b44bb3f3716e73f07ff, type: 3}
  m_Name: 
  m_EditorClassIdentifier: 
  m_Navigation:
    m_Mode: 2
    m_WrapAround: 0
    m_SelectOnUp: {fileID: 0}
    m_SelectOnDown: {fileID: 0}
    m_SelectOnLeft: {fileID: 0}
    m_SelectOnRight: {fileID: 0}
  m_Transition: 1
  m_Colors:
    m_NormalColor: {r: 0.5808823, g: 0.4925128, b: 0.4527465, a: 1}
    m_HighlightedColor: {r: 0.8602941, g: 0.75297546, b: 0.67052335, a: 1}
    m_PressedColor: {r: 0.5808823, g: 0.4925128, b: 0.4527465, a: 1}
    m_SelectedColor: {r: 0.5808823, g: 0.4925128, b: 0.4527465, a: 1}
    m_DisabledColor: {r: 0.78431374, g: 0.78431374, b: 0.78431374, a: 0.5019608}
    m_ColorMultiplier: 1
    m_FadeDuration: 0.1
  m_SpriteState:
    m_HighlightedSprite: {fileID: 21300000, guid: 3e227e1afcbc1e644a4bdd89a1906fca,
      type: 3}
    m_PressedSprite: {fileID: 21300000, guid: 5428718f1871c9b41a922ec81e7a354e, type: 3}
    m_SelectedSprite: {fileID: 21300000, guid: 3e227e1afcbc1e644a4bdd89a1906fca, type: 3}
    m_DisabledSprite: {fileID: 21300000, guid: 2ed44d46fda4534448ce4452ce62c146, type: 3}
  m_AnimationTriggers:
    m_NormalTrigger: Normal
    m_HighlightedTrigger: Highlighted
    m_PressedTrigger: Pressed
    m_SelectedTrigger: Highlighted
    m_DisabledTrigger: Disabled
  m_Interactable: 1
  m_TargetGraphic: {fileID: 2794792711627939030}
  m_OnClick:
    m_PersistentCalls:
      m_Calls:
      - m_Target: {fileID: 8124723003579148140}
        m_TargetAssemblyTypeName: DecorElementController, Assembly-CSharp
        m_MethodName: OnStorageButton
        m_Mode: 1
        m_Arguments:
          m_ObjectArgument: {fileID: 0}
          m_ObjectArgumentAssemblyTypeName: UnityEngine.Object, UnityEngine
          m_IntArgument: 0
          m_FloatArgument: 0
          m_StringArgument: 
          m_BoolArgument: 0
        m_CallState: 2
--- !u!114 &3246453488067119332
MonoBehaviour:
  m_ObjectHideFlags: 0
  m_CorrespondingSourceObject: {fileID: 0}
  m_PrefabInstance: {fileID: 0}
  m_PrefabAsset: {fileID: 0}
  m_GameObject: {fileID: 8373028229706654868}
  m_Enabled: 1
  m_EditorHideFlags: 0
  m_Script: {fileID: 11500000, guid: 78c583a7f37ef8346a927e3da5ffc2be, type: 3}
  m_Name: 
  m_EditorClassIdentifier: 
  rect: {fileID: 2730385597428083930}
  button: {fileID: 8788272068289618235}
  rend: {fileID: 8186596494423582592}
  background: {fileID: 2794792711627939030}
  icon: {fileID: 0}
  text: {fileID: 0}
  tooltip: {fileID: 5143747014125874105}
  juice: {fileID: 8077461165165131043}
  notifications: {fileID: 0}
  parentWindow: {fileID: 0}
  tabOf: {fileID: 0}
  additionalHighlightRect: {fileID: 0}
  isOver: 0
  forceAdditionalHighlighted: 0
  additionalHighlighted: 0
  interactable: 1
  setupReferences: 0
  baseColour: {r: 1, g: 1, b: 1, a: 1}
  scrollRectAutoScroll: 1
  scrollVertical: 1
  scrollHorizontal: 0
  findableForAutoNavigation: 1
  refreshControllerNavigationOnSetup: 0
  refreshControllerNavigationOnSelect: 0
  refreshControllerNavigationOnPress: 0
  includeInactiveSelectables: 0
  selectableSearchParentHierarchyThreshold: 1
  isEvidenceWindowButton: 1
  allowLeftNavigation: 1
  allowRightNavigation: 1
  allowUpNavigation: 1
  allowDownNavigation: 1
  thisNavRectPoint: 0
  otherNavRectPoint: 0
  ignoreParentsNamed: []
  secondaryIsRightClick: 0
  useAutomaticText: 0
  textDictionary: ui.interface
  textReference: Clear
  casing: 0
  menuMouseoverReference: 
  uninteractableTextAlpha: 0.25
  interactableTextAlpha: 1
  defaultSelectionPriority: 0
  useAdditionalHighlight: 1
  additionalHighlightPrefab: {fileID: 0}
  additionalHighlightColour: {r: 1, g: 1, b: 1, a: 1}
  additionalHighlightUninteractableColour: {r: 0.5, g: 0.5, b: 0.5, a: 1}
  additionalHighlightAtFront: 0
  additionalHighlightRectModifier: {x: 0, y: 0, z: 0, w: 0}
  nudgeOnClick: 1
  glowOnHighlight: 1
  useGenericAudioSounds: 1
  buttonType: 0
  buttonDown: {fileID: 0}
  clickPrimary: {fileID: 0}
  clickSecondary: {fileID: 0}
  rightClick: {fileID: 0}
--- !u!114 &8077461165165131043
MonoBehaviour:
  m_ObjectHideFlags: 0
  m_CorrespondingSourceObject: {fileID: 0}
  m_PrefabInstance: {fileID: 0}
  m_PrefabAsset: {fileID: 0}
  m_GameObject: {fileID: 8373028229706654868}
  m_Enabled: 1
  m_EditorHideFlags: 0
  m_Script: {fileID: 11500000, guid: 6d43e2ea134cf3f43a79b47c458f5005, type: 3}
  m_Name: 
  m_EditorClassIdentifier: 
  elements:
  - transformElement: {fileID: 2730385597428083930}
    imageElement: {fileID: 2794792711627939030}
    rawImageElement: {fileID: 0}
    renderer: {fileID: 0}
    originalColour: {r: 1, g: 1, b: 1, a: 1}
    getNormalColourAtStart: 1
    originalLocalPos: {x: 0, y: 0, z: 0}
    originalLocalRot: {x: 0, y: 0, z: 0}
    originalLocalScale: {x: 0, y: 0, z: 0}
    getNormalTransformAtStart: 0
  pulsateActive: 0
  pulsateScale: 0
  pulsateProgress: 0
  pulsateOnStart: 0
  pulsateColour: {r: 1, g: 0.8537736, b: 0.8794244, a: 1}
  pulsateSpeed: 2
  flashColour: {r: 0, g: 0, b: 0, a: 0}
  smoothPulsateOff: 0
  fancyAppearActive: 0
  appearSpeed: 2
  fancyDisappearActive: 0
  disappearSpeed: 2
--- !u!114 &5143747014125874105
MonoBehaviour:
  m_ObjectHideFlags: 0
  m_CorrespondingSourceObject: {fileID: 0}
  m_PrefabInstance: {fileID: 0}
  m_PrefabAsset: {fileID: 0}
  m_GameObject: {fileID: 8373028229706654868}
  m_Enabled: 1
  m_EditorHideFlags: 0
  m_Script: {fileID: 11500000, guid: e9c69fc3e0bfa274182467195c38a6a0, type: 3}
  m_Name: 
  m_EditorClassIdentifier: 
  tooltipEnabled: 1
  handleOwnBehaviour: 1
  parentOverride: {fileID: 0}
  useMainDictionaryEntry: 1
  mainDictionary: ui.tooltips
  mainDictionaryKey: Move to Storage
  useDetailDictionaryEntry: 1
  detailDictionary: ui.tooltips
  detailDictionaryKey: Move this item into storage
  mainText: 
  detailText: 
  isOver: 0
  additionalSpawnDelay: 0
  moTimer: 0
  spawnedTooltip: {fileID: 0}
  tooltipText: {fileID: 0}
  fadeIn: 0
  rend: {fileID: 0}
  textRend: {fileID: 0}
  pos: {x: 0, y: -0.5}
  useCursorPos: 0
  cursorPosOffset: {x: 10, y: -7}
  limitWidth: 0
  extendTooltipWidth: 0
  enableOutlineMouseOver: 1
  mouseOverSprite: {fileID: 0}
  contextMenuBelongingToThis: {fileID: 0}
  updateTooltipPosition: 0
--- !u!1 &8457807487821483792
GameObject:
  m_ObjectHideFlags: 0
  m_CorrespondingSourceObject: {fileID: 0}
  m_PrefabInstance: {fileID: 0}
  m_PrefabAsset: {fileID: 0}
  serializedVersion: 6
  m_Component:
  - component: {fileID: 3718314437712283997}
  - component: {fileID: 5294045370355140788}
  - component: {fileID: 1570166633122881037}
  - component: {fileID: 1284402772479513872}
  - component: {fileID: 8124723003579148140}
  m_Layer: 5
  m_Name: FurnitureItemElement
  m_TagString: Untagged
  m_Icon: {fileID: 0}
  m_NavMeshLayer: 0
  m_StaticEditorFlags: 0
  m_IsActive: 1
--- !u!224 &3718314437712283997
RectTransform:
  m_ObjectHideFlags: 0
  m_CorrespondingSourceObject: {fileID: 0}
  m_PrefabInstance: {fileID: 0}
  m_PrefabAsset: {fileID: 0}
  m_GameObject: {fileID: 8457807487821483792}
  m_LocalRotation: {x: 0, y: 0, z: 0, w: 1}
  m_LocalPosition: {x: 0, y: 0, z: 0}
  m_LocalScale: {x: 1, y: 1, z: 1}
  m_Children:
  - {fileID: 8762533479122818944}
  - {fileID: 1284402772339101286}
  - {fileID: 8777442409267949979}
  - {fileID: 8987864256910568931}
  - {fileID: 1648370043455125474}
  - {fileID: 870013502586376253}
  - {fileID: 5806441356015543178}
  - {fileID: 1870742622937135494}
  - {fileID: 2730385597428083930}
  m_Father: {fileID: 0}
  m_RootOrder: 0
  m_LocalEulerAnglesHint: {x: 0, y: 0, z: 0}
  m_AnchorMin: {x: 0, y: 0}
  m_AnchorMax: {x: 0, y: 0}
  m_AnchoredPosition: {x: 0, y: 0}
  m_SizeDelta: {x: 558, y: 122}
  m_Pivot: {x: 0.5, y: 1}
--- !u!222 &5294045370355140788
CanvasRenderer:
  m_ObjectHideFlags: 0
  m_CorrespondingSourceObject: {fileID: 0}
  m_PrefabInstance: {fileID: 0}
  m_PrefabAsset: {fileID: 0}
  m_GameObject: {fileID: 8457807487821483792}
  m_CullTransparentMesh: 0
--- !u!114 &1570166633122881037
MonoBehaviour:
  m_ObjectHideFlags: 0
  m_CorrespondingSourceObject: {fileID: 0}
  m_PrefabInstance: {fileID: 0}
  m_PrefabAsset: {fileID: 0}
  m_GameObject: {fileID: 8457807487821483792}
  m_Enabled: 1
  m_EditorHideFlags: 0
  m_Script: {fileID: 11500000, guid: fe87c0e1cc204ed48ad3b37840f39efc, type: 3}
  m_Name: 
  m_EditorClassIdentifier: 
  m_Material: {fileID: 0}
  m_Color: {r: 0.8602941, g: 0.75297546, b: 0.67052335, a: 1}
  m_RaycastTarget: 1
  m_RaycastPadding: {x: 0, y: 0, z: 0, w: 0}
  m_Maskable: 1
  m_OnCullStateChanged:
    m_PersistentCalls:
      m_Calls: []
  m_Sprite: {fileID: 21300000, guid: 7df669975ab017244bfe02d4e402207c, type: 3}
  m_Type: 1
  m_PreserveAspect: 0
  m_FillCenter: 1
  m_FillMethod: 4
  m_FillAmount: 1
  m_FillClockwise: 1
  m_FillOrigin: 0
  m_UseSpriteMesh: 0
  m_PixelsPerUnitMultiplier: 1
--- !u!114 &1284402772479513872
MonoBehaviour:
  m_ObjectHideFlags: 0
  m_CorrespondingSourceObject: {fileID: 0}
  m_PrefabInstance: {fileID: 0}
  m_PrefabAsset: {fileID: 0}
  m_GameObject: {fileID: 8457807487821483792}
  m_Enabled: 1
  m_EditorHideFlags: 0
  m_Script: {fileID: 11500000, guid: 306cc8c2b49d7114eaa3623786fc2126, type: 3}
  m_Name: 
  m_EditorClassIdentifier: 
  m_IgnoreLayout: 0
  m_MinWidth: 250
  m_MinHeight: 52
  m_PreferredWidth: 1000
  m_PreferredHeight: 52
  m_FlexibleWidth: -1
  m_FlexibleHeight: -1
  m_LayoutPriority: 1
--- !u!114 &8124723003579148140
MonoBehaviour:
  m_ObjectHideFlags: 0
  m_CorrespondingSourceObject: {fileID: 0}
  m_PrefabInstance: {fileID: 0}
  m_PrefabAsset: {fileID: 0}
  m_GameObject: {fileID: 8457807487821483792}
  m_Enabled: 1
  m_EditorHideFlags: 0
  m_Script: {fileID: 11500000, guid: ba6010a66b7d26649bea0face5294534, type: 3}
  m_Name: 
  m_EditorClassIdentifier: 
  preset: {fileID: 0}
  furniture: {fileID: 0}
  nameText: {fileID: 1284402772339101285}
  priceText: {fileID: 4800068929993527293}
  sellText: {fileID: 1119491231022712347}
  thisWindow: {fileID: 0}
  decorController: {fileID: 0}
  furnishingsController: {fileID: 0}
  mainImage: {fileID: 6448869751128090342}
  worldFurnitureReference:
    id: 0
    furnitureClasses: []
    angle: 0
    offset: {x: 0, y: 0, z: 0}
    cluster:
      cluster: {fileID: 0}
      angle: 0
      ranking: 0
      loadedGeometry: 0
    useFOVBLock: 0
    fovDirection: {x: 0, y: 0}
    fovMaxDistance: 0
    scaleMultiplier: {x: 0, y: 0, z: 0}
    usage: []
    furniture: {fileID: 0}
    spawnedObject: {fileID: 0}
    meshes: []
    pickedMaterials: 0
    createdInteractables: 0
    pickedOwners: 0
    pickedArt: 0
    userPlaced: 0
    diagonalAngle: 0
    matKey:
      baseMaterial: {fileID: 0}
      mainColour: {r: 0, g: 0, b: 0, a: 0}
      colour1: {r: 0, g: 0, b: 0, a: 0}
      colour2: {r: 0, g: 0, b: 0, a: 0}
      colour3: {r: 0, g: 0, b: 0, a: 0}
      grubiness: 0
    integratedInteractables: []
    integratedIDAssign: 0
    spawnedInteractables: []
    art: {fileID: 0}
    artMatKey:
      baseMaterial: {fileID: 0}
      mainColour: {r: 0, g: 0, b: 0, a: 0}
      colour1: {r: 0, g: 0, b: 0, a: 0}
      colour2: {r: 0, g: 0, b: 0, a: 0}
      colour3: {r: 0, g: 0, b: 0, a: 0}
      grubiness: 0
    loadOwners: 
    debugOwners: []
  placeButton: {fileID: 7316279548831826679}
  storageButton: {fileID: 3246453488067119332}
  sellButton: {fileID: 2778048771185035482}
  icon: {fileID: 8596909438310013965}
  chairIcon: {fileID: 21300000, guid: 24673a407416cb145991764733371f17, type: 3}
  tableIcon: {fileID: 21300000, guid: 94834fe8bd6b209449abb57127c0fd4b, type: 3}
  unitIcon: {fileID: 21300000, guid: b509d8e00c7699f4a8cf958f1547935f, type: 3}
  electronicsIcon: {fileID: 21300000, guid: 1791abd0109954b44807ecd4147e8fab, type: 3}
  structuralIcon: {fileID: 21300000, guid: b934f0260d2f77241b0a68fd239bc587, type: 3}
  decorationIcon: {fileID: 21300000, guid: 36791c81ed77bd3488e148eb830c22de, type: 3}
  miscIcon: {fileID: 21300000, guid: 6c2b5019e1744b3459fe4546f690c412, type: 3}
  price: 0
--- !u!1 &8576840364081042100
GameObject:
  m_ObjectHideFlags: 0
  m_CorrespondingSourceObject: {fileID: 0}
  m_PrefabInstance: {fileID: 0}
  m_PrefabAsset: {fileID: 0}
  serializedVersion: 6
  m_Component:
  - component: {fileID: 8762533479122818944}
  - component: {fileID: 5881321001188353177}
  - component: {fileID: 8596909438310013965}
  m_Layer: 5
  m_Name: Icon
  m_TagString: Untagged
  m_Icon: {fileID: 0}
  m_NavMeshLayer: 0
  m_StaticEditorFlags: 0
  m_IsActive: 1
--- !u!224 &8762533479122818944
RectTransform:
  m_ObjectHideFlags: 0
  m_CorrespondingSourceObject: {fileID: 0}
  m_PrefabInstance: {fileID: 0}
  m_PrefabAsset: {fileID: 0}
  m_GameObject: {fileID: 8576840364081042100}
  m_LocalRotation: {x: 0, y: 0, z: 0, w: 1}
  m_LocalPosition: {x: 0, y: 0, z: 0}
  m_LocalScale: {x: 1, y: 1, z: 1}
  m_Children: []
  m_Father: {fileID: 3718314437712283997}
  m_RootOrder: 0
  m_LocalEulerAnglesHint: {x: 0, y: 0, z: 0}
  m_AnchorMin: {x: 0, y: 1}
  m_AnchorMax: {x: 0, y: 1}
  m_AnchoredPosition: {x: 120, y: -10}
  m_SizeDelta: {x: 42, y: 42}
  m_Pivot: {x: 0, y: 1}
--- !u!222 &5881321001188353177
CanvasRenderer:
  m_ObjectHideFlags: 0
  m_CorrespondingSourceObject: {fileID: 0}
  m_PrefabInstance: {fileID: 0}
  m_PrefabAsset: {fileID: 0}
  m_GameObject: {fileID: 8576840364081042100}
  m_CullTransparentMesh: 1
--- !u!114 &8596909438310013965
MonoBehaviour:
  m_ObjectHideFlags: 0
  m_CorrespondingSourceObject: {fileID: 0}
  m_PrefabInstance: {fileID: 0}
  m_PrefabAsset: {fileID: 0}
  m_GameObject: {fileID: 8576840364081042100}
  m_Enabled: 1
  m_EditorHideFlags: 0
  m_Script: {fileID: 11500000, guid: fe87c0e1cc204ed48ad3b37840f39efc, type: 3}
  m_Name: 
  m_EditorClassIdentifier: 
  m_Material: {fileID: 0}
  m_Color: {r: 0.16078432, g: 0.15686275, b: 0.16078432, a: 1}
  m_RaycastTarget: 0
  m_RaycastPadding: {x: 0, y: 0, z: 0, w: 0}
  m_Maskable: 1
  m_OnCullStateChanged:
    m_PersistentCalls:
      m_Calls: []
  m_Sprite: {fileID: 21300000, guid: 6c2b5019e1744b3459fe4546f690c412, type: 3}
  m_Type: 0
  m_PreserveAspect: 0
  m_FillCenter: 1
  m_FillMethod: 4
  m_FillAmount: 1
  m_FillClockwise: 1
  m_FillOrigin: 0
  m_UseSpriteMesh: 0
  m_PixelsPerUnitMultiplier: 1
--- !u!1 &8870257245310961501
GameObject:
  m_ObjectHideFlags: 0
  m_CorrespondingSourceObject: {fileID: 0}
  m_PrefabInstance: {fileID: 0}
  m_PrefabAsset: {fileID: 0}
  serializedVersion: 6
  m_Component:
  - component: {fileID: 8777442409267949979}
  - component: {fileID: 1302560389630796102}
  - component: {fileID: 354023439622039533}
  m_Layer: 5
  m_Name: SpecialText
  m_TagString: Untagged
  m_Icon: {fileID: 0}
  m_NavMeshLayer: 0
  m_StaticEditorFlags: 0
  m_IsActive: 0
--- !u!224 &8777442409267949979
RectTransform:
  m_ObjectHideFlags: 0
  m_CorrespondingSourceObject: {fileID: 0}
  m_PrefabInstance: {fileID: 0}
  m_PrefabAsset: {fileID: 0}
  m_GameObject: {fileID: 8870257245310961501}
  m_LocalRotation: {x: 0, y: 0, z: 0, w: 1}
  m_LocalPosition: {x: 0, y: 0, z: 0}
  m_LocalScale: {x: 1, y: 1, z: 1}
  m_Children: []
  m_Father: {fileID: 3718314437712283997}
  m_RootOrder: 2
  m_LocalEulerAnglesHint: {x: 0, y: 0, z: 0}
  m_AnchorMin: {x: 0, y: 1}
  m_AnchorMax: {x: 1, y: 1}
  m_AnchoredPosition: {x: -21.999973, y: -68}
  m_SizeDelta: {x: -284.00006, y: 42.1}
  m_Pivot: {x: 0.5, y: 1}
--- !u!222 &1302560389630796102
CanvasRenderer:
  m_ObjectHideFlags: 0
  m_CorrespondingSourceObject: {fileID: 0}
  m_PrefabInstance: {fileID: 0}
  m_PrefabAsset: {fileID: 0}
  m_GameObject: {fileID: 8870257245310961501}
  m_CullTransparentMesh: 0
--- !u!114 &354023439622039533
MonoBehaviour:
  m_ObjectHideFlags: 0
  m_CorrespondingSourceObject: {fileID: 0}
  m_PrefabInstance: {fileID: 0}
  m_PrefabAsset: {fileID: 0}
  m_GameObject: {fileID: 8870257245310961501}
  m_Enabled: 1
  m_EditorHideFlags: 0
  m_Script: {fileID: 11500000, guid: f4688fdb7df04437aeb418b961361dc5, type: 3}
  m_Name: 
  m_EditorClassIdentifier: 
  m_Material: {fileID: 0}
  m_Color: {r: 1, g: 1, b: 1, a: 1}
  m_RaycastTarget: 0
  m_RaycastPadding: {x: 0, y: 0, z: 0, w: 0}
  m_Maskable: 1
  m_OnCullStateChanged:
    m_PersistentCalls:
      m_Calls: []
  m_text: 'Special Offer: Today Only!

    Install at sync clinic.'
  m_isRightToLeft: 0
  m_fontAsset: {fileID: 11400000, guid: 59decd68d13f519499881c5af4fe7a43, type: 2}
  m_sharedMaterial: {fileID: -8292062883078529217, guid: 59decd68d13f519499881c5af4fe7a43,
    type: 2}
  m_fontSharedMaterials: []
  m_fontMaterial: {fileID: 0}
  m_fontMaterials: []
  m_fontColor32:
    serializedVersion: 2
    rgba: 4282331645
  m_fontColor: {r: 0.990566, g: 0.19157171, b: 0.24798569, a: 1}
  m_enableVertexGradient: 0
  m_colorMode: 3
  m_fontColorGradient:
    topLeft: {r: 1, g: 1, b: 1, a: 1}
    topRight: {r: 1, g: 1, b: 1, a: 1}
    bottomLeft: {r: 1, g: 1, b: 1, a: 1}
    bottomRight: {r: 1, g: 1, b: 1, a: 1}
  m_fontColorGradientPreset: {fileID: 0}
  m_spriteAsset: {fileID: 0}
  m_tintAllSprites: 0
  m_StyleSheet: {fileID: 0}
  m_TextStyleHashCode: -1183493901
  m_overrideHtmlColors: 0
  m_faceColor:
    serializedVersion: 2
    rgba: 4294967295
  m_fontSize: 21.05
  m_fontSizeBase: 28
  m_fontWeight: 400
  m_enableAutoSizing: 1
  m_fontSizeMin: 10
  m_fontSizeMax: 24
  m_fontStyle: 0
  m_HorizontalAlignment: 1
  m_VerticalAlignment: 512
  m_textAlignment: 65535
  m_characterSpacing: 0
  m_wordSpacing: 0
  m_lineSpacing: 0
  m_lineSpacingMax: 0
  m_paragraphSpacing: 0
  m_charWidthMaxAdj: 0
  m_enableWordWrapping: 1
  m_wordWrappingRatios: 0.4
  m_overflowMode: 3
  m_linkedTextComponent: {fileID: 0}
  parentLinkedComponent: {fileID: 0}
  m_enableKerning: 1
  m_enableExtraPadding: 0
  checkPaddingRequired: 0
  m_isRichText: 1
  m_parseCtrlCharacters: 1
  m_isOrthographic: 1
  m_isCullingEnabled: 0
  m_horizontalMapping: 0
  m_verticalMapping: 0
  m_uvLineOffset: 0
  m_geometrySortingOrder: 0
  m_IsTextObjectScaleStatic: 0
  m_VertexBufferAutoSizeReduction: 1
  m_useMaxVisibleDescender: 1
  m_pageToDisplay: 1
  m_margin: {x: 0, y: 0, z: 0, w: 0}
  m_isUsingLegacyAnimationComponent: 0
  m_isVolumetricText: 0
  m_hasFontAssetChanged: 0
  m_baseMaterial: {fileID: 0}
  m_maskOffset: {x: 0, y: 0, z: 0, w: 0}
