%YAML 1.1
%TAG !u! tag:unity3d.com,2011:
--- !u!1 &4888284371389177782
GameObject:
  m_ObjectHideFlags: 0
  m_CorrespondingSourceObject: {fileID: 0}
  m_PrefabInstance: {fileID: 0}
  m_PrefabAsset: {fileID: 0}
  serializedVersion: 6
  m_Component:
  - component: {fileID: 4670226262612949702}
  - component: {fileID: 4666903085384240052}
  - component: {fileID: 4775362511219565656}
  - component: {fileID: 1433197338887152732}
  - component: {fileID: 6610425416564933810}
  - component: {fileID: 2473391274046566189}
  m_Layer: 5
  m_Name: ItemSelect
  m_TagString: Untagged
  m_Icon: {fileID: 0}
  m_NavMeshLayer: 0
  m_StaticEditorFlags: 0
  m_IsActive: 1
--- !u!224 &4670226262612949702
RectTransform:
  m_ObjectHideFlags: 0
  m_CorrespondingSourceObject: {fileID: 0}
  m_PrefabInstance: {fileID: 0}
  m_PrefabAsset: {fileID: 0}
  m_GameObject: {fileID: 4888284371389177782}
  m_LocalRotation: {x: 0, y: 0, z: 0, w: 1}
  m_LocalPosition: {x: 0, y: 0, z: 0}
  m_LocalScale: {x: 1, y: 1, z: 1}
  m_ConstrainProportionsScale: 0
  m_Children: []
  m_Father: {fileID: 0}
  m_RootOrder: 0
  m_LocalEulerAnglesHint: {x: 0, y: 0, z: 0}
  m_AnchorMin: {x: 0.5, y: 1}
  m_AnchorMax: {x: 0.5, y: 1}
  m_AnchoredPosition: {x: 0, y: 0}
  m_SizeDelta: {x: 664, y: 400}
  m_Pivot: {x: 0.5, y: 1}
--- !u!222 &4666903085384240052
CanvasRenderer:
  m_ObjectHideFlags: 0
  m_CorrespondingSourceObject: {fileID: 0}
  m_PrefabInstance: {fileID: 0}
  m_PrefabAsset: {fileID: 0}
  m_GameObject: {fileID: 4888284371389177782}
  m_CullTransparentMesh: 0
--- !u!114 &4775362511219565656
MonoBehaviour:
  m_ObjectHideFlags: 0
  m_CorrespondingSourceObject: {fileID: 0}
  m_PrefabInstance: {fileID: 0}
  m_PrefabAsset: {fileID: 0}
  m_GameObject: {fileID: 4888284371389177782}
  m_Enabled: 1
  m_EditorHideFlags: 0
  m_Script: {fileID: 11500000, guid: fe2ff981d1aa2ee438da9c23dd0616c4, type: 3}
  m_Name: 
  m_EditorClassIdentifier: 
  rect: {fileID: 4670226262612949702}
  tabButton: {fileID: 0}
  tabController: {fileID: 0}
  window: {fileID: 0}
  zoomController: {fileID: 0}
  pageRect: {fileID: 0}
  pageImg: {fileID: 0}
  normalSize: {x: 0, y: 0}
  centred: 0
  alwaysCentred: 0
  fitScale: 1
  clearTextMode: 0
  elementText: {fileID: 0}
  pagePips: []
  page: 1
  nextPage: {fileID: 0}
  prevPage: {fileID: 0}
--- !u!114 &1433197338887152732
MonoBehaviour:
  m_ObjectHideFlags: 0
  m_CorrespondingSourceObject: {fileID: 0}
  m_PrefabInstance: {fileID: 0}
  m_PrefabAsset: {fileID: 0}
  m_GameObject: {fileID: 4888284371389177782}
  m_Enabled: 1
  m_EditorHideFlags: 0
  m_Script: {fileID: 11500000, guid: 296a36bb398c66a4880752e5bcc4f260, type: 3}
  m_Name: 
  m_EditorClassIdentifier: 
  pageRect: {fileID: 4670226262612949702}
  wcc: {fileID: 4775362511219565656}
  selectPrefab: {fileID: 5260275625312415377, guid: df7e97698ab646242a17138d5bccf3fd,
    type: 3}
--- !u!114 &6610425416564933810
MonoBehaviour:
  m_ObjectHideFlags: 0
  m_CorrespondingSourceObject: {fileID: 0}
  m_PrefabInstance: {fileID: 0}
  m_PrefabAsset: {fileID: 0}
  m_GameObject: {fileID: 4888284371389177782}
  m_Enabled: 1
  m_EditorHideFlags: 0
  m_Script: {fileID: 11500000, guid: fe87c0e1cc204ed48ad3b37840f39efc, type: 3}
  m_Name: 
  m_EditorClassIdentifier: 
  m_Material: {fileID: 0}
  m_Color: {r: 1, g: 1, b: 1, a: 1}
  m_RaycastTarget: 1
  m_RaycastPadding: {x: 0, y: 0, z: 0, w: 0}
  m_Maskable: 1
  m_OnCullStateChanged:
    m_PersistentCalls:
      m_Calls: []
  m_Sprite: {fileID: 21300000, guid: adf51a1753dce754a94cbff8dbb33c09, type: 3}
  m_Type: 1
  m_PreserveAspect: 0
  m_FillCenter: 1
  m_FillMethod: 4
  m_FillAmount: 1
  m_FillClockwise: 1
  m_FillOrigin: 0
  m_UseSpriteMesh: 0
  m_PixelsPerUnitMultiplier: 1
--- !u!114 &2473391274046566189
MonoBehaviour:
  m_ObjectHideFlags: 0
  m_CorrespondingSourceObject: {fileID: 0}
  m_PrefabInstance: {fileID: 0}
  m_PrefabAsset: {fileID: 0}
  m_GameObject: {fileID: 4888284371389177782}
  m_Enabled: 1
  m_EditorHideFlags: 0
  m_Script: {fileID: 11500000, guid: cfabb0440166ab443bba8876756fdfa9, type: 3}
  m_Name: 
  m_EditorClassIdentifier: 
  m_EffectColor: {r: 0.14117648, g: 0.08627451, b: 0.02745098, a: 0.59607846}
  m_EffectDistance: {x: 3, y: -3}
  m_UseGraphicAlpha: 1
