%YAML 1.1
%TAG !u! tag:unity3d.com,2011:
--- !u!1 &1688763360
GameObject:
  m_ObjectHideFlags: 0
  m_CorrespondingSourceObject: {fileID: 0}
  m_PrefabInstance: {fileID: 0}
  m_PrefabAsset: {fileID: 0}
  serializedVersion: 6
  m_Component:
  - component: {fileID: 1688763361}
  m_Layer: 0
  m_Name: Debug
  m_TagString: Untagged
  m_Icon: {fileID: 0}
  m_NavMeshLayer: 0
  m_StaticEditorFlags: 0
  m_IsActive: 1
--- !u!4 &1688763361
Transform:
  m_ObjectHideFlags: 0
  m_CorrespondingSourceObject: {fileID: 0}
  m_PrefabInstance: {fileID: 0}
  m_PrefabAsset: {fileID: 0}
  m_GameObject: {fileID: 1688763360}
  m_LocalRotation: {x: 0, y: 0, z: 0, w: 1}
  m_LocalPosition: {x: 0, y: 0, z: 0}
  m_LocalScale: {x: 1, y: 1, z: 1}
  m_Children: []
  m_Father: {fileID: 5611991763892036080}
  m_RootOrder: 7
  m_LocalEulerAnglesHint: {x: 0, y: 0, z: 0}
--- !u!1 &5611991763892036081
GameObject:
  m_ObjectHideFlags: 0
  m_CorrespondingSourceObject: {fileID: 0}
  m_PrefabInstance: {fileID: 0}
  m_PrefabAsset: {fileID: 0}
  serializedVersion: 6
  m_Component:
  - component: {fileID: 5611991763892036080}
  - component: {fileID: 5611991763892036087}
  m_Layer: 0
  m_Name: FloorEdit
  m_TagString: Untagged
  m_Icon: {fileID: 0}
  m_NavMeshLayer: 0
  m_StaticEditorFlags: 0
  m_IsActive: 1
--- !u!4 &5611991763892036080
Transform:
  m_ObjectHideFlags: 0
  m_CorrespondingSourceObject: {fileID: 0}
  m_PrefabInstance: {fileID: 0}
  m_PrefabAsset: {fileID: 0}
  m_GameObject: {fileID: 5611991763892036081}
  m_LocalRotation: {x: 0, y: 0, z: 0, w: 1}
  m_LocalPosition: {x: 0, y: 0, z: 0}
  m_LocalScale: {x: 1, y: 1, z: 1}
  m_Children:
  - {fileID: 5611991764798205945}
  - {fileID: 5611991764799751011}
  - {fileID: 5611991763980006243}
  - {fileID: 5655069631136751370}
  - {fileID: 5611991764123999659}
  - {fileID: 5611991765554083421}
  - {fileID: 2473751867150895384}
  - {fileID: 1688763361}
  m_Father: {fileID: 0}
  m_RootOrder: 0
  m_LocalEulerAnglesHint: {x: 0, y: 0, z: 0}
--- !u!114 &5611991763892036087
MonoBehaviour:
  m_ObjectHideFlags: 0
  m_CorrespondingSourceObject: {fileID: 0}
  m_PrefabInstance: {fileID: 0}
  m_PrefabAsset: {fileID: 0}
  m_GameObject: {fileID: 5611991763892036081}
  m_Enabled: 1
  m_EditorHideFlags: 0
  m_Script: {fileID: 11500000, guid: fe4708e6b93b941458415bf754892481, type: 3}
  m_Name: 
  m_EditorClassIdentifier: 
  cityTile: {fileID: 782257271664848516}
  building: {fileID: 5611991764247526998}
  editorFloorParent: {fileID: 5611991763980006243}
  enabledInScrollView: {fileID: 5611991764799751004}
  toolOptionsWindow: {fileID: 0}
  displayMode: 0
  selectionModeType: 0
  lightswitchPreset: {fileID: 11400000, guid: c8ed4648d0a7ca1439bd44544adf83db, type: 2}
  fakeCitizenHolder: {fileID: 5611991765554083421}
  heldDown: 0
  heldDownTransform: {fileID: 0}
  isSaving: 0
  rightMouse: 0
  newFloorWindow: {fileID: 0}
  newFloorName: {fileID: 0}
  newFloorSizeX: {fileID: 0}
  newFloorSizeY: {fileID: 0}
  newFloorFloorHeight: {fileID: 0}
  newFloorCeilingHeight: {fileID: 0}
  saveAsFloorWindow: {fileID: 0}
  newSaveAsFloorName: {fileID: 0}
  loadFloorWindow: {fileID: 0}
  loadDropdown: {fileID: 0}
  mapParent: {fileID: 0}
  editFloor: {fileID: 0}
  selectionMode: 1
  selectionObject: {fileID: 5611991764798205945}
  floorSelectCursorObject: {fileID: 5611991765122410372}
  wallSelectCursorObject: {fileID: 5611991764714753496}
  statusText: {fileID: 0}
  tileSelection:
    tileID: -1
    name: 
    position: {x: 0, y: 0, z: 0}
    parent: {fileID: 0}
    building: {fileID: 0}
    floor: {fileID: 0}
    cityTile: {fileID: 0}
    floorCoord: {x: 0, y: 0}
    globalTileCoord: {x: 0, y: 0, z: 0}
    isSetup: 0
    isLoaded: 0
    isOutside: 0
    isObstacle: 0
    isAlley: 0
    isBackstreet: 0
    isMapCorner: 0
    isEdge: 0
    rotation: 0
    isEntrance: 0
    isMainEntrance: 0
    isStairwell: 0
    stairwellRotation: 0
    isLargeStairwell: 0
    elevatorRotation: 0
    isTop: 0
    isBottom: 0
    streetController: {fileID: 0}
    useOptimizedFloor: 0
    useOptimizedCeiling: 0
    entranceArrow: {fileID: 0}
    stairwell: {fileID: 0}
    elevator: {fileID: 0}
  selectionCoord: {x: -1, y: -1}
  tool: 0
  wallTriggers: []
  floorDesignationOptions: {fileID: 0}
  floorDesignationDropdown: {fileID: 0}
  floorDesignationTypeSelection: 1
  editorAddressColours:
  - {r: 0, g: 1, b: 0.6880622, a: 1}
  - {r: 1, g: 0, b: 0.41361904, a: 1}
  - {r: 1, g: 0.6604272, b: 0, a: 1}
  - {r: 0, g: 0.74793315, b: 1, a: 1}
  - {r: 0.65444326, g: 0, b: 1, a: 1}
  - {r: 1, g: 0.9812066, b: 0, a: 1}
  - {r: 0, g: 1, b: 0.05548787, a: 1}
  - {r: 0.21951771, g: 0, b: 1, a: 1}
  - {r: 0.7075472, g: 0.7075472, b: 0.7075472, a: 1}
  adddressDesignationMaterial: {fileID: 2100000, guid: 5b861b82e3658ca469fd01df8b384745,
    type: 2}
  addressDesignationOptions: {fileID: 0}
  addressDropdown: {fileID: 0}
  addressTypeDropdown: {fileID: 0}
  addressSelection: {fileID: 0}
  addressTypeSelection: {fileID: 11400000, guid: 2c6bbbd57bc984446b8350b583b6f0b3,
    type: 2}
  addressDesignationColourImage: {fileID: 0}
  addressDesignationColourImage2: {fileID: 0}
  roomDesignationOptions: {fileID: 0}
  roomConfigAddressDropdown: {fileID: 0}
  roomConfigsDropdown: {fileID: 0}
  roomIDsDropdown: {fileID: 0}
  roomLayoutAssignDropdown: {fileID: 0}
  roomSelection: {fileID: 0}
  wallPairsOptions: {fileID: 0}
  wallPairsDropdown: {fileID: 0}
  wallPairPresetSelection: {fileID: 11400000, guid: 6dc09f63fa5d11846be2cb6a22eec693,
    type: 2}
  forceRoomOptions: {fileID: 0}
  forceRoomDropdown: {fileID: 0}
  forceBasementToggle: {fileID: 0}
  editorFloorMaterial: {fileID: 2100000, guid: 71a5befcdca557c45834d4fdfbd84465, type: 2}
  editorFloorEdgeMaterial: {fileID: 2100000, guid: 614417dc7e0d91042a5fe9690f2f90a8,
    type: 2}
  defaultFloorMaterial: {fileID: 11400000, guid: 8b6ed367405c46b44aa9cd53ea1f0f0a,
    type: 2}
  defaultMaterialKey:
    baseMaterial: {fileID: 2100000, guid: 45bde042f450e7a41a6cb047d57233c6, type: 2}
    mainColour: {r: 0.4627451, g: 0.20392157, b: 0, a: 1}
    colour1: {r: 0, g: 0, b: 0, a: 0}
    colour2: {r: 0, g: 0, b: 0, a: 0}
    colour3: {r: 0, g: 0, b: 0, a: 0}
    grubiness: 0
  nullRoomType: {fileID: 0}
  debugContainer: {fileID: 1688763361}
  currentlyDisplayingArea: {fileID: 0}
--- !u!1 &5611991763980006236
GameObject:
  m_ObjectHideFlags: 0
  m_CorrespondingSourceObject: {fileID: 0}
  m_PrefabInstance: {fileID: 0}
  m_PrefabAsset: {fileID: 0}
  serializedVersion: 6
  m_Component:
  - component: {fileID: 5611991763980006243}
  m_Layer: 0
  m_Name: EditorFloor
  m_TagString: Untagged
  m_Icon: {fileID: 0}
  m_NavMeshLayer: 0
  m_StaticEditorFlags: 0
  m_IsActive: 1
--- !u!4 &5611991763980006243
Transform:
  m_ObjectHideFlags: 0
  m_CorrespondingSourceObject: {fileID: 0}
  m_PrefabInstance: {fileID: 0}
  m_PrefabAsset: {fileID: 0}
  m_GameObject: {fileID: 5611991763980006236}
  m_LocalRotation: {x: 0, y: 0, z: 0, w: 1}
  m_LocalPosition: {x: -18.9, y: 0, z: -18.9}
  m_LocalScale: {x: 1, y: 1, z: 1}
  m_Children: []
  m_Father: {fileID: 5611991763892036080}
  m_RootOrder: 2
  m_LocalEulerAnglesHint: {x: 0, y: 0, z: 0}
--- !u!1 &5611991764123999652
GameObject:
  m_ObjectHideFlags: 0
  m_CorrespondingSourceObject: {fileID: 0}
  m_PrefabInstance: {fileID: 0}
  m_PrefabAsset: {fileID: 0}
  serializedVersion: 6
  m_Component:
  - component: {fileID: 5611991764123999659}
  m_Layer: 0
  m_Name: Test Prefabs
  m_TagString: Untagged
  m_Icon: {fileID: 0}
  m_NavMeshLayer: 0
  m_StaticEditorFlags: 0
  m_IsActive: 0
--- !u!4 &5611991764123999659
Transform:
  m_ObjectHideFlags: 0
  m_CorrespondingSourceObject: {fileID: 0}
  m_PrefabInstance: {fileID: 0}
  m_PrefabAsset: {fileID: 0}
  m_GameObject: {fileID: 5611991764123999652}
  m_LocalRotation: {x: 0, y: 0, z: 0, w: 1}
  m_LocalPosition: {x: 0, y: 0, z: 0}
  m_LocalScale: {x: 1, y: 1, z: 1}
  m_Children:
  - {fileID: 500445781944646600}
  - {fileID: 5611991764588092806}
  - {fileID: 5740167756169964248}
  - {fileID: 6335214564752991725}
  - {fileID: 5615822161291551417}
  - {fileID: 4704783710905842251}
  - {fileID: 5611991764206561856}
  - {fileID: 2609918975559893478}
  - {fileID: 5611991764206561858}
  m_Father: {fileID: 5611991763892036080}
  m_RootOrder: 4
  m_LocalEulerAnglesHint: {x: 0, y: 0, z: 0}
--- !u!1 &5611991764588092802
GameObject:
  m_ObjectHideFlags: 0
  m_CorrespondingSourceObject: {fileID: 0}
  m_PrefabInstance: {fileID: 0}
  m_PrefabAsset: {fileID: 0}
  serializedVersion: 6
  m_Component:
  - component: {fileID: 5611991764588092806}
  - component: {fileID: 5611991764588092807}
  - component: {fileID: 5611991764588092800}
  - component: {fileID: 5611991764588092801}
  m_Layer: 0
  m_Name: Point Light
  m_TagString: Untagged
  m_Icon: {fileID: 0}
  m_NavMeshLayer: 0
  m_StaticEditorFlags: 0
  m_IsActive: 1
--- !u!4 &5611991764588092806
Transform:
  m_ObjectHideFlags: 0
  m_CorrespondingSourceObject: {fileID: 0}
  m_PrefabInstance: {fileID: 0}
  m_PrefabAsset: {fileID: 0}
  m_GameObject: {fileID: 5611991764588092802}
  m_LocalRotation: {x: -0, y: -0, z: -0, w: 1}
  m_LocalPosition: {x: 9.764, y: -0.11, z: 13.907}
  m_LocalScale: {x: 1, y: 1, z: 1}
  m_Children: []
  m_Father: {fileID: 5611991764123999659}
  m_RootOrder: 1
  m_LocalEulerAnglesHint: {x: 0, y: 0, z: 0}
--- !u!108 &5611991764588092807
Light:
  m_ObjectHideFlags: 0
  m_CorrespondingSourceObject: {fileID: 0}
  m_PrefabInstance: {fileID: 0}
  m_PrefabAsset: {fileID: 0}
  m_GameObject: {fileID: 5611991764588092802}
  m_Enabled: 1
  serializedVersion: 10
  m_Type: 2
  m_Shape: 0
  m_Color: {r: 1, g: 1, b: 1, a: 1}
  m_Intensity: 47.746483
  m_Range: 12.46
  m_SpotAngle: 30
  m_InnerSpotAngle: 21.80208
  m_CookieSize: 10
  m_Shadows:
    m_Type: 0
    m_Resolution: -1
    m_CustomResolution: -1
    m_Strength: 1
    m_Bias: 0.05
    m_NormalBias: 0.4
    m_NearPlane: 0.2
    m_CullingMatrixOverride:
      e00: 1
      e01: 0
      e02: 0
      e03: 0
      e10: 0
      e11: 1
      e12: 0
      e13: 0
      e20: 0
      e21: 0
      e22: 1
      e23: 0
      e30: 0
      e31: 0
      e32: 0
      e33: 1
    m_UseCullingMatrixOverride: 0
  m_Cookie: {fileID: 0}
  m_DrawHalo: 0
  m_Flare: {fileID: 0}
  m_RenderMode: 0
  m_CullingMask:
    serializedVersion: 2
    m_Bits: 4294967295
  m_RenderingLayerMask: 1
  m_Lightmapping: 4
  m_LightShadowCasterMode: 2
  m_AreaSize: {x: 1, y: 1}
  m_BounceIntensity: 1
  m_ColorTemperature: 6570
  m_UseColorTemperature: 0
  m_BoundingSphereOverride: {x: 0, y: 0, z: 0, w: 0}
  m_UseBoundingSphereOverride: 0
  m_UseViewFrustumForShadowCasterCull: 1
  m_ShadowRadius: 0
  m_ShadowAngle: 0
--- !u!114 &5611991764588092800
MonoBehaviour:
  m_ObjectHideFlags: 0
  m_CorrespondingSourceObject: {fileID: 0}
  m_PrefabInstance: {fileID: 0}
  m_PrefabAsset: {fileID: 0}
  m_GameObject: {fileID: 5611991764588092802}
  m_Enabled: 1
  m_EditorHideFlags: 0
  m_Script: {fileID: 11500000, guid: 7a68c43fe1f2a47cfa234b5eeaa98012, type: 3}
  m_Name: 
  m_EditorClassIdentifier: 
  m_Intensity: 600
  m_EnableSpotReflector: 0
  m_LuxAtDistance: 1
  m_InnerSpotPercent: 0
  m_SpotIESCutoffPercent: 100
  m_LightDimmer: 1
  m_VolumetricDimmer: 1
  m_LightUnit: 0
  m_FadeDistance: 10000
  m_VolumetricFadeDistance: 10000
  m_AffectDiffuse: 1
  m_AffectSpecular: 1
  m_NonLightmappedOnly: 0
  m_ShapeWidth: 0.5
  m_ShapeHeight: 0.5
  m_AspectRatio: 1
  m_ShapeRadius: 0
  m_SoftnessScale: 1
  m_UseCustomSpotLightShadowCone: 0
  m_CustomSpotLightShadowCone: 30
  m_MaxSmoothness: 0.99
  m_ApplyRangeAttenuation: 1
  m_DisplayAreaLightEmissiveMesh: 0
  m_AreaLightCookie: {fileID: 0}
  m_IESPoint: {fileID: 0}
  m_IESSpot: {fileID: 0}
  m_IncludeForRayTracing: 1
  m_AreaLightShadowCone: 120
  m_UseScreenSpaceShadows: 0
  m_InteractsWithSky: 1
  m_AngularDiameter: 0.5
  m_FlareSize: 2
  m_FlareTint: {r: 1, g: 1, b: 1, a: 1}
  m_FlareFalloff: 4
  m_SurfaceTexture: {fileID: 0}
  m_SurfaceTint: {r: 1, g: 1, b: 1, a: 1}
  m_Distance: 1.5e+11
  m_UseRayTracedShadows: 0
  m_NumRayTracingSamples: 4
  m_FilterTracedShadow: 1
  m_FilterSizeTraced: 16
  m_SunLightConeAngle: 0.5
  m_LightShadowRadius: 0.5
  m_SemiTransparentShadow: 0
  m_ColorShadow: 1
  m_DistanceBasedFiltering: 0
  m_EvsmExponent: 15
  m_EvsmLightLeakBias: 0
  m_EvsmVarianceBias: 0.00001
  m_EvsmBlurPasses: 0
  m_LightlayersMask: 1
  m_LinkShadowLayers: 1
  m_ShadowNearPlane: 0.1
  m_BlockerSampleCount: 24
  m_FilterSampleCount: 16
  m_MinFilterSize: 0.00001
  m_KernelSize: 5
  m_LightAngle: 1
  m_MaxDepthBias: 0.001
  m_ShadowResolution:
    m_Override: 512
    m_UseOverride: 1
    m_Level: 0
  m_ShadowDimmer: 1
  m_VolumetricShadowDimmer: 1
  m_ShadowFadeDistance: 10000
  m_UseContactShadow:
    m_Override: 0
    m_UseOverride: 1
    m_Level: 0
  m_RayTracedContactShadow: 0
  m_ShadowTint: {r: 0, g: 0, b: 0, a: 1}
  m_PenumbraTint: 0
  m_NormalBias: 0.75
  m_SlopeBias: 0.5
  m_ShadowUpdateMode: 0
  m_AlwaysDrawDynamicShadows: 0
  m_UpdateShadowOnLightMovement: 0
  m_CachedShadowTranslationThreshold: 0.01
  m_CachedShadowAngularThreshold: 0.5
  m_BarnDoorAngle: 90
  m_BarnDoorLength: 0.05
  m_preserveCachedShadow: 0
  m_OnDemandShadowRenderOnPlacement: 1
  m_ShadowCascadeRatios:
  - 0.05
  - 0.2
  - 0.3
  m_ShadowCascadeBorders:
  - 0.2
  - 0.2
  - 0.2
  - 0.2
  m_ShadowAlgorithm: 0
  m_ShadowVariant: 0
  m_ShadowPrecision: 0
  useOldInspector: 0
  useVolumetric: 1
  featuresFoldout: 1
  showAdditionalSettings: 0
  m_AreaLightEmissiveMeshShadowCastingMode: 0
  m_AreaLightEmissiveMeshMotionVectorGenerationMode: 0
  m_AreaLightEmissiveMeshLayer: -1
  m_Version: 3
  m_ObsoleteShadowResolutionTier: 1
  m_ObsoleteUseShadowQualitySettings: 0
  m_ObsoleteCustomShadowResolution: 512
  m_ObsoleteContactShadows: 0
  m_PointlightHDType: 0
  m_SpotLightShape: 0
  m_AreaLightShape: 0
--- !u!114 &5611991764588092801
MonoBehaviour:
  m_ObjectHideFlags: 0
  m_CorrespondingSourceObject: {fileID: 0}
  m_PrefabInstance: {fileID: 0}
  m_PrefabAsset: {fileID: 0}
  m_GameObject: {fileID: 5611991764588092802}
  m_Enabled: 1
  m_EditorHideFlags: 0
  m_Script: {fileID: 11500000, guid: c6c2871f720b2af4e9210febdac74517, type: 3}
  m_Name: 
  m_EditorClassIdentifier: 
  customResolution: 512
  shadowDimmer: 1
  volumetricShadowDimmer: 1
  shadowFadeDistance: 10000
  contactShadows: 0
  shadowTint: {r: 0, g: 0, b: 0, a: 1}
  normalBias: 0.75
  shadowUpdateMode: 0
  shadowCascadeRatios:
  - 0.05
  - 0.2
  - 0.3
  shadowCascadeBorders:
  - 0.2
  - 0.2
  - 0.2
  - 0.2
  shadowAlgorithm: 0
  shadowVariant: 0
  shadowPrecision: 0
--- !u!1 &5611991764798205946
GameObject:
  m_ObjectHideFlags: 0
  m_CorrespondingSourceObject: {fileID: 0}
  m_PrefabInstance: {fileID: 0}
  m_PrefabAsset: {fileID: 0}
  serializedVersion: 6
  m_Component:
  - component: {fileID: 5611991764798205945}
  m_Layer: 0
  m_Name: SelectCube
  m_TagString: Untagged
  m_Icon: {fileID: 0}
  m_NavMeshLayer: 0
  m_StaticEditorFlags: 0
  m_IsActive: 0
--- !u!4 &5611991764798205945
Transform:
  m_ObjectHideFlags: 0
  m_CorrespondingSourceObject: {fileID: 0}
  m_PrefabInstance: {fileID: 0}
  m_PrefabAsset: {fileID: 0}
  m_GameObject: {fileID: 5611991764798205946}
  m_LocalRotation: {x: 0, y: 0, z: 0, w: 1}
  m_LocalPosition: {x: 0, y: 0, z: 0}
  m_LocalScale: {x: 1, y: 1, z: 1}
  m_Children:
  - {fileID: 5611991765122410372}
  - {fileID: 5611991764714753496}
  m_Father: {fileID: 5611991763892036080}
  m_RootOrder: 0
  m_LocalEulerAnglesHint: {x: 0, y: 0, z: 0}
--- !u!1 &5611991764799751004
GameObject:
  m_ObjectHideFlags: 0
  m_CorrespondingSourceObject: {fileID: 0}
  m_PrefabInstance: {fileID: 0}
  m_PrefabAsset: {fileID: 0}
  serializedVersion: 6
  m_Component:
  - component: {fileID: 5611991764799751011}
  m_Layer: 0
  m_Name: ActiveWhenInScrollView
  m_TagString: Untagged
  m_Icon: {fileID: 0}
  m_NavMeshLayer: 0
  m_StaticEditorFlags: 0
  m_IsActive: 1
--- !u!4 &5611991764799751011
Transform:
  m_ObjectHideFlags: 0
  m_CorrespondingSourceObject: {fileID: 0}
  m_PrefabInstance: {fileID: 0}
  m_PrefabAsset: {fileID: 0}
  m_GameObject: {fileID: 5611991764799751004}
  m_LocalRotation: {x: 0, y: 0, z: 0, w: 1}
  m_LocalPosition: {x: 0, y: 0, z: 0}
  m_LocalScale: {x: 1, y: 1, z: 1}
  m_Children: []
  m_Father: {fileID: 5611991763892036080}
  m_RootOrder: 1
  m_LocalEulerAnglesHint: {x: 0, y: 0, z: 0}
--- !u!1 &5611991765122410373
GameObject:
  m_ObjectHideFlags: 0
  m_CorrespondingSourceObject: {fileID: 0}
  m_PrefabInstance: {fileID: 0}
  m_PrefabAsset: {fileID: 0}
  serializedVersion: 6
  m_Component:
  - component: {fileID: 5611991765122410372}
  - component: {fileID: 5611991765122410378}
  - component: {fileID: 5611991765122410379}
  m_Layer: 0
  m_Name: FloorSelect
  m_TagString: Untagged
  m_Icon: {fileID: 0}
  m_NavMeshLayer: 0
  m_StaticEditorFlags: 0
  m_IsActive: 1
--- !u!4 &5611991765122410372
Transform:
  m_ObjectHideFlags: 0
  m_CorrespondingSourceObject: {fileID: 0}
  m_PrefabInstance: {fileID: 0}
  m_PrefabAsset: {fileID: 0}
  m_GameObject: {fileID: 5611991765122410373}
  m_LocalRotation: {x: -0, y: -0, z: -0, w: 1}
  m_LocalPosition: {x: 0, y: 0, z: 0}
  m_LocalScale: {x: 1, y: 1, z: 1}
  m_Children: []
  m_Father: {fileID: 5611991764798205945}
  m_RootOrder: 0
  m_LocalEulerAnglesHint: {x: 0, y: 0, z: 0}
--- !u!33 &5611991765122410378
MeshFilter:
  m_ObjectHideFlags: 0
  m_CorrespondingSourceObject: {fileID: 0}
  m_PrefabInstance: {fileID: 0}
  m_PrefabAsset: {fileID: 0}
  m_GameObject: {fileID: 5611991765122410373}
  m_Mesh: {fileID: 4300000, guid: 10ff5bdb0dabf2e4aa91b9c13ec541d0, type: 3}
--- !u!23 &5611991765122410379
MeshRenderer:
  m_ObjectHideFlags: 0
  m_CorrespondingSourceObject: {fileID: 0}
  m_PrefabInstance: {fileID: 0}
  m_PrefabAsset: {fileID: 0}
  m_GameObject: {fileID: 5611991765122410373}
  m_Enabled: 1
  m_CastShadows: 1
  m_ReceiveShadows: 1
  m_DynamicOccludee: 1
  m_StaticShadowCaster: 0
  m_MotionVectors: 1
  m_LightProbeUsage: 1
  m_ReflectionProbeUsage: 1
  m_RayTracingMode: 2
  m_RayTraceProcedural: 0
  m_RenderingLayerMask: 1
  m_RendererPriority: 0
  m_Materials:
  - {fileID: 2100000, guid: 6790b7e8800f92842b07e043de13cdfc, type: 2}
  m_StaticBatchInfo:
    firstSubMesh: 0
    subMeshCount: 0
  m_StaticBatchRoot: {fileID: 0}
  m_ProbeAnchor: {fileID: 0}
  m_LightProbeVolumeOverride: {fileID: 0}
  m_ScaleInLightmap: 1
  m_ReceiveGI: 1
  m_PreserveUVs: 0
  m_IgnoreNormalsForChartDetection: 0
  m_ImportantGI: 0
  m_StitchLightmapSeams: 0
  m_SelectedEditorRenderState: 3
  m_MinimumChartSize: 4
  m_AutoUVMaxDistance: 0.5
  m_AutoUVMaxAngle: 89
  m_LightmapParameters: {fileID: 0}
  m_SortingLayerID: 0
  m_SortingLayer: 0
  m_SortingOrder: 0
  m_AdditionalVertexStreams: {fileID: 0}
--- !u!1 &5611991765554083422
GameObject:
  m_ObjectHideFlags: 0
  m_CorrespondingSourceObject: {fileID: 0}
  m_PrefabInstance: {fileID: 0}
  m_PrefabAsset: {fileID: 0}
  serializedVersion: 6
  m_Component:
  - component: {fileID: 5611991765554083421}
  m_Layer: 0
  m_Name: FakeCitizenHolder
  m_TagString: Untagged
  m_Icon: {fileID: 0}
  m_NavMeshLayer: 0
  m_StaticEditorFlags: 0
  m_IsActive: 1
--- !u!4 &5611991765554083421
Transform:
  m_ObjectHideFlags: 0
  m_CorrespondingSourceObject: {fileID: 0}
  m_PrefabInstance: {fileID: 0}
  m_PrefabAsset: {fileID: 0}
  m_GameObject: {fileID: 5611991765554083422}
  m_LocalRotation: {x: 0, y: 0, z: 0, w: 1}
  m_LocalPosition: {x: 0, y: 0, z: 0}
  m_LocalScale: {x: 1, y: 1, z: 1}
  m_Children: []
  m_Father: {fileID: 5611991763892036080}
  m_RootOrder: 5
  m_LocalEulerAnglesHint: {x: 0, y: 0, z: 0}
--- !u!1001 &103798354604504492
PrefabInstance:
  m_ObjectHideFlags: 0
  serializedVersion: 2
  m_Modification:
    m_TransformParent: {fileID: 2473751867117371638}
    m_Modifications:
    - target: {fileID: 5517200686747257850, guid: 60ad86510d3c2714882a765c5d12dcab,
        type: 3}
      propertyPath: name
      value: building
      objectReference: {fileID: 0}
    - target: {fileID: 5517200686747257850, guid: 60ad86510d3c2714882a765c5d12dcab,
        type: 3}
      propertyPath: rotations
      value: 0
      objectReference: {fileID: 0}
    - target: {fileID: 5517200686747257851, guid: 60ad86510d3c2714882a765c5d12dcab,
        type: 3}
      propertyPath: m_RootOrder
      value: 0
      objectReference: {fileID: 0}
    - target: {fileID: 5517200686747257851, guid: 60ad86510d3c2714882a765c5d12dcab,
        type: 3}
      propertyPath: m_LocalPosition.x
      value: 0
      objectReference: {fileID: 0}
    - target: {fileID: 5517200686747257851, guid: 60ad86510d3c2714882a765c5d12dcab,
        type: 3}
      propertyPath: m_LocalPosition.y
      value: 0
      objectReference: {fileID: 0}
    - target: {fileID: 5517200686747257851, guid: 60ad86510d3c2714882a765c5d12dcab,
        type: 3}
      propertyPath: m_LocalPosition.z
      value: 0
      objectReference: {fileID: 0}
    - target: {fileID: 5517200686747257851, guid: 60ad86510d3c2714882a765c5d12dcab,
        type: 3}
      propertyPath: m_LocalRotation.w
      value: 1
      objectReference: {fileID: 0}
    - target: {fileID: 5517200686747257851, guid: 60ad86510d3c2714882a765c5d12dcab,
        type: 3}
      propertyPath: m_LocalRotation.x
      value: -0
      objectReference: {fileID: 0}
    - target: {fileID: 5517200686747257851, guid: 60ad86510d3c2714882a765c5d12dcab,
        type: 3}
      propertyPath: m_LocalRotation.y
      value: -0
      objectReference: {fileID: 0}
    - target: {fileID: 5517200686747257851, guid: 60ad86510d3c2714882a765c5d12dcab,
        type: 3}
      propertyPath: m_LocalRotation.z
      value: -0
      objectReference: {fileID: 0}
    - target: {fileID: 5517200686747257851, guid: 60ad86510d3c2714882a765c5d12dcab,
        type: 3}
      propertyPath: m_LocalEulerAnglesHint.x
      value: 0
      objectReference: {fileID: 0}
    - target: {fileID: 5517200686747257851, guid: 60ad86510d3c2714882a765c5d12dcab,
        type: 3}
      propertyPath: m_LocalEulerAnglesHint.y
      value: 0
      objectReference: {fileID: 0}
    - target: {fileID: 5517200686747257851, guid: 60ad86510d3c2714882a765c5d12dcab,
        type: 3}
      propertyPath: m_LocalEulerAnglesHint.z
      value: 0
      objectReference: {fileID: 0}
    - target: {fileID: 5517200686747257852, guid: 60ad86510d3c2714882a765c5d12dcab,
        type: 3}
      propertyPath: m_Name
      value: Building
      objectReference: {fileID: 0}
    m_RemovedComponents: []
  m_SourcePrefab: {fileID: 100100000, guid: 60ad86510d3c2714882a765c5d12dcab, type: 3}
--- !u!114 &5611991764247526998 stripped
MonoBehaviour:
  m_CorrespondingSourceObject: {fileID: 5517200686747257850, guid: 60ad86510d3c2714882a765c5d12dcab,
    type: 3}
  m_PrefabInstance: {fileID: 103798354604504492}
  m_PrefabAsset: {fileID: 0}
  m_GameObject: {fileID: 0}
  m_Enabled: 1
  m_EditorHideFlags: 0
  m_Script: {fileID: 11500000, guid: cb957c708180ed24c9441b83ee58a464, type: 3}
  m_Name: 
  m_EditorClassIdentifier: 
--- !u!1001 &5049915027356507520
PrefabInstance:
  m_ObjectHideFlags: 0
  serializedVersion: 2
  m_Modification:
    m_TransformParent: {fileID: 5611991764123999659}
    m_Modifications:
    - target: {fileID: 7074219934748859494, guid: bd54fb3978d9ee64b852f546d2be5f02,
        type: 3}
      propertyPath: m_RootOrder
      value: 7
      objectReference: {fileID: 0}
    - target: {fileID: 7074219934748859494, guid: bd54fb3978d9ee64b852f546d2be5f02,
        type: 3}
      propertyPath: m_LocalPosition.x
      value: 8.515
      objectReference: {fileID: 0}
    - target: {fileID: 7074219934748859494, guid: bd54fb3978d9ee64b852f546d2be5f02,
        type: 3}
      propertyPath: m_LocalPosition.y
      value: -1.9620001
      objectReference: {fileID: 0}
    - target: {fileID: 7074219934748859494, guid: bd54fb3978d9ee64b852f546d2be5f02,
        type: 3}
      propertyPath: m_LocalPosition.z
      value: 12.03
      objectReference: {fileID: 0}
    - target: {fileID: 7074219934748859494, guid: bd54fb3978d9ee64b852f546d2be5f02,
        type: 3}
      propertyPath: m_LocalRotation.w
      value: 1
      objectReference: {fileID: 0}
    - target: {fileID: 7074219934748859494, guid: bd54fb3978d9ee64b852f546d2be5f02,
        type: 3}
      propertyPath: m_LocalRotation.x
      value: -0
      objectReference: {fileID: 0}
    - target: {fileID: 7074219934748859494, guid: bd54fb3978d9ee64b852f546d2be5f02,
        type: 3}
      propertyPath: m_LocalRotation.y
      value: -0
      objectReference: {fileID: 0}
    - target: {fileID: 7074219934748859494, guid: bd54fb3978d9ee64b852f546d2be5f02,
        type: 3}
      propertyPath: m_LocalRotation.z
      value: -0
      objectReference: {fileID: 0}
    - target: {fileID: 7074219934748859494, guid: bd54fb3978d9ee64b852f546d2be5f02,
        type: 3}
      propertyPath: m_LocalEulerAnglesHint.x
      value: 0
      objectReference: {fileID: 0}
    - target: {fileID: 7074219934748859494, guid: bd54fb3978d9ee64b852f546d2be5f02,
        type: 3}
      propertyPath: m_LocalEulerAnglesHint.y
      value: 0
      objectReference: {fileID: 0}
    - target: {fileID: 7074219934748859494, guid: bd54fb3978d9ee64b852f546d2be5f02,
        type: 3}
      propertyPath: m_LocalEulerAnglesHint.z
      value: 0
      objectReference: {fileID: 0}
    - target: {fileID: 8361669933096325127, guid: bd54fb3978d9ee64b852f546d2be5f02,
        type: 3}
      propertyPath: m_Name
      value: Chesterfield
      objectReference: {fileID: 0}
    m_RemovedComponents: []
  m_SourcePrefab: {fileID: 100100000, guid: bd54fb3978d9ee64b852f546d2be5f02, type: 3}
--- !u!4 &2609918975559893478 stripped
Transform:
  m_CorrespondingSourceObject: {fileID: 7074219934748859494, guid: bd54fb3978d9ee64b852f546d2be5f02,
    type: 3}
  m_PrefabInstance: {fileID: 5049915027356507520}
  m_PrefabAsset: {fileID: 0}
--- !u!1001 &5611991763640770722
PrefabInstance:
  m_ObjectHideFlags: 0
  serializedVersion: 2
  m_Modification:
    m_TransformParent: {fileID: 5611991764123999659}
    m_Modifications:
    - target: {fileID: 566938338, guid: d16dc307d3b74b24687b0620aef30f07, type: 3}
      propertyPath: m_RootOrder
      value: 6
      objectReference: {fileID: 0}
    - target: {fileID: 566938338, guid: d16dc307d3b74b24687b0620aef30f07, type: 3}
      propertyPath: m_LocalPosition.x
      value: 2.384
      objectReference: {fileID: 0}
    - target: {fileID: 566938338, guid: d16dc307d3b74b24687b0620aef30f07, type: 3}
      propertyPath: m_LocalPosition.y
      value: 3.41
      objectReference: {fileID: 0}
    - target: {fileID: 566938338, guid: d16dc307d3b74b24687b0620aef30f07, type: 3}
      propertyPath: m_LocalPosition.z
      value: 13.319
      objectReference: {fileID: 0}
    - target: {fileID: 566938338, guid: d16dc307d3b74b24687b0620aef30f07, type: 3}
      propertyPath: m_LocalRotation.w
      value: 1
      objectReference: {fileID: 0}
    - target: {fileID: 566938338, guid: d16dc307d3b74b24687b0620aef30f07, type: 3}
      propertyPath: m_LocalRotation.x
      value: -0
      objectReference: {fileID: 0}
    - target: {fileID: 566938338, guid: d16dc307d3b74b24687b0620aef30f07, type: 3}
      propertyPath: m_LocalRotation.y
      value: -0
      objectReference: {fileID: 0}
    - target: {fileID: 566938338, guid: d16dc307d3b74b24687b0620aef30f07, type: 3}
      propertyPath: m_LocalRotation.z
      value: -0
      objectReference: {fileID: 0}
    - target: {fileID: 566938338, guid: d16dc307d3b74b24687b0620aef30f07, type: 3}
      propertyPath: m_LocalEulerAnglesHint.x
      value: 0
      objectReference: {fileID: 0}
    - target: {fileID: 566938338, guid: d16dc307d3b74b24687b0620aef30f07, type: 3}
      propertyPath: m_LocalEulerAnglesHint.y
      value: 0
      objectReference: {fileID: 0}
    - target: {fileID: 566938338, guid: d16dc307d3b74b24687b0620aef30f07, type: 3}
      propertyPath: m_LocalEulerAnglesHint.z
      value: 0
      objectReference: {fileID: 0}
    - target: {fileID: 329632173522932573, guid: d16dc307d3b74b24687b0620aef30f07,
        type: 3}
      propertyPath: m_Name
      value: 1930sCeilingLight
      objectReference: {fileID: 0}
    m_RemovedComponents: []
  m_SourcePrefab: {fileID: 100100000, guid: d16dc307d3b74b24687b0620aef30f07, type: 3}
--- !u!4 &5611991764206561856 stripped
Transform:
  m_CorrespondingSourceObject: {fileID: 566938338, guid: d16dc307d3b74b24687b0620aef30f07,
    type: 3}
  m_PrefabInstance: {fileID: 5611991763640770722}
  m_PrefabAsset: {fileID: 0}
--- !u!1001 &5611991763670816639
PrefabInstance:
  m_ObjectHideFlags: 0
  serializedVersion: 2
  m_Modification:
    m_TransformParent: {fileID: 5611991764123999659}
    m_Modifications:
    - target: {fileID: 1115642949780660, guid: 93cb43e5414d2d84d8efdda1c5a93801, type: 3}
      propertyPath: m_Name
      value: FloorTile
      objectReference: {fileID: 0}
    - target: {fileID: 4121274280900038, guid: 93cb43e5414d2d84d8efdda1c5a93801, type: 3}
      propertyPath: m_RootOrder
      value: 4
      objectReference: {fileID: 0}
    - target: {fileID: 4121274280900038, guid: 93cb43e5414d2d84d8efdda1c5a93801, type: 3}
      propertyPath: m_LocalPosition.x
      value: 4.582909
      objectReference: {fileID: 0}
    - target: {fileID: 4121274280900038, guid: 93cb43e5414d2d84d8efdda1c5a93801, type: 3}
      propertyPath: m_LocalPosition.y
      value: -1.962
      objectReference: {fileID: 0}
    - target: {fileID: 4121274280900038, guid: 93cb43e5414d2d84d8efdda1c5a93801, type: 3}
      propertyPath: m_LocalPosition.z
      value: 13.944074
      objectReference: {fileID: 0}
    - target: {fileID: 4121274280900038, guid: 93cb43e5414d2d84d8efdda1c5a93801, type: 3}
      propertyPath: m_LocalRotation.w
      value: 1
      objectReference: {fileID: 0}
    - target: {fileID: 4121274280900038, guid: 93cb43e5414d2d84d8efdda1c5a93801, type: 3}
      propertyPath: m_LocalRotation.x
      value: -0
      objectReference: {fileID: 0}
    - target: {fileID: 4121274280900038, guid: 93cb43e5414d2d84d8efdda1c5a93801, type: 3}
      propertyPath: m_LocalRotation.y
      value: -0
      objectReference: {fileID: 0}
    - target: {fileID: 4121274280900038, guid: 93cb43e5414d2d84d8efdda1c5a93801, type: 3}
      propertyPath: m_LocalRotation.z
      value: -0
      objectReference: {fileID: 0}
    - target: {fileID: 4121274280900038, guid: 93cb43e5414d2d84d8efdda1c5a93801, type: 3}
      propertyPath: m_LocalEulerAnglesHint.x
      value: 0
      objectReference: {fileID: 0}
    - target: {fileID: 4121274280900038, guid: 93cb43e5414d2d84d8efdda1c5a93801, type: 3}
      propertyPath: m_LocalEulerAnglesHint.y
      value: 0
      objectReference: {fileID: 0}
    - target: {fileID: 4121274280900038, guid: 93cb43e5414d2d84d8efdda1c5a93801, type: 3}
      propertyPath: m_LocalEulerAnglesHint.z
      value: 0
      objectReference: {fileID: 0}
    - target: {fileID: 23793256872072956, guid: 93cb43e5414d2d84d8efdda1c5a93801,
        type: 3}
      propertyPath: m_Materials.Array.data[0]
      value: 
      objectReference: {fileID: 2100000, guid: 5f02819a1230a8b4097e4938410733b4, type: 2}
    m_RemovedComponents: []
  m_SourcePrefab: {fileID: 100100000, guid: 93cb43e5414d2d84d8efdda1c5a93801, type: 3}
--- !u!4 &5615822161291551417 stripped
Transform:
  m_CorrespondingSourceObject: {fileID: 4121274280900038, guid: 93cb43e5414d2d84d8efdda1c5a93801,
    type: 3}
  m_PrefabInstance: {fileID: 5611991763670816639}
  m_PrefabAsset: {fileID: 0}
--- !u!1001 &5611991763978305399
PrefabInstance:
  m_ObjectHideFlags: 0
  serializedVersion: 2
  m_Modification:
    m_TransformParent: {fileID: 5611991764123999659}
    m_Modifications:
    - target: {fileID: 900404533, guid: 2acaef19da778d24a84df69b9c9bc90a, type: 3}
      propertyPath: m_RootOrder
      value: 8
      objectReference: {fileID: 0}
    - target: {fileID: 900404533, guid: 2acaef19da778d24a84df69b9c9bc90a, type: 3}
      propertyPath: m_LocalPosition.x
      value: -0.42543793
      objectReference: {fileID: 0}
    - target: {fileID: 900404533, guid: 2acaef19da778d24a84df69b9c9bc90a, type: 3}
      propertyPath: m_LocalPosition.y
      value: -2
      objectReference: {fileID: 0}
    - target: {fileID: 900404533, guid: 2acaef19da778d24a84df69b9c9bc90a, type: 3}
      propertyPath: m_LocalPosition.z
      value: 13.925254
      objectReference: {fileID: 0}
    - target: {fileID: 900404533, guid: 2acaef19da778d24a84df69b9c9bc90a, type: 3}
      propertyPath: m_LocalRotation.w
      value: 1
      objectReference: {fileID: 0}
    - target: {fileID: 900404533, guid: 2acaef19da778d24a84df69b9c9bc90a, type: 3}
      propertyPath: m_LocalRotation.x
      value: -0
      objectReference: {fileID: 0}
    - target: {fileID: 900404533, guid: 2acaef19da778d24a84df69b9c9bc90a, type: 3}
      propertyPath: m_LocalRotation.y
      value: -0
      objectReference: {fileID: 0}
    - target: {fileID: 900404533, guid: 2acaef19da778d24a84df69b9c9bc90a, type: 3}
      propertyPath: m_LocalRotation.z
      value: -0
      objectReference: {fileID: 0}
    - target: {fileID: 900404533, guid: 2acaef19da778d24a84df69b9c9bc90a, type: 3}
      propertyPath: m_LocalEulerAnglesHint.x
      value: 0
      objectReference: {fileID: 0}
    - target: {fileID: 900404533, guid: 2acaef19da778d24a84df69b9c9bc90a, type: 3}
      propertyPath: m_LocalEulerAnglesHint.y
      value: 0
      objectReference: {fileID: 0}
    - target: {fileID: 900404533, guid: 2acaef19da778d24a84df69b9c9bc90a, type: 3}
      propertyPath: m_LocalEulerAnglesHint.z
      value: 0
      objectReference: {fileID: 0}
    - target: {fileID: 5774630945401541476, guid: 2acaef19da778d24a84df69b9c9bc90a,
        type: 3}
      propertyPath: m_Name
      value: WoodenStaircase
      objectReference: {fileID: 0}
    m_RemovedComponents: []
  m_SourcePrefab: {fileID: 100100000, guid: 2acaef19da778d24a84df69b9c9bc90a, type: 3}
--- !u!4 &5611991764206561858 stripped
Transform:
  m_CorrespondingSourceObject: {fileID: 900404533, guid: 2acaef19da778d24a84df69b9c9bc90a,
    type: 3}
  m_PrefabInstance: {fileID: 5611991763978305399}
  m_PrefabAsset: {fileID: 0}
--- !u!1001 &5611991764077887813
PrefabInstance:
  m_ObjectHideFlags: 0
  serializedVersion: 2
  m_Modification:
    m_TransformParent: {fileID: 5611991763892036080}
    m_Modifications:
    - target: {fileID: 4263627633872940584, guid: 01666b3dcc2b1954cb6f416f68827e29,
        type: 3}
      propertyPath: m_Name
      value: District
      objectReference: {fileID: 0}
    - target: {fileID: 8049415714827323485, guid: 01666b3dcc2b1954cb6f416f68827e29,
        type: 3}
      propertyPath: m_RootOrder
      value: 6
      objectReference: {fileID: 0}
    - target: {fileID: 8049415714827323485, guid: 01666b3dcc2b1954cb6f416f68827e29,
        type: 3}
      propertyPath: m_LocalPosition.x
      value: 0
      objectReference: {fileID: 0}
    - target: {fileID: 8049415714827323485, guid: 01666b3dcc2b1954cb6f416f68827e29,
        type: 3}
      propertyPath: m_LocalPosition.y
      value: 0
      objectReference: {fileID: 0}
    - target: {fileID: 8049415714827323485, guid: 01666b3dcc2b1954cb6f416f68827e29,
        type: 3}
      propertyPath: m_LocalPosition.z
      value: 0
      objectReference: {fileID: 0}
    - target: {fileID: 8049415714827323485, guid: 01666b3dcc2b1954cb6f416f68827e29,
        type: 3}
      propertyPath: m_LocalRotation.w
      value: 1
      objectReference: {fileID: 0}
    - target: {fileID: 8049415714827323485, guid: 01666b3dcc2b1954cb6f416f68827e29,
        type: 3}
      propertyPath: m_LocalRotation.x
      value: 0
      objectReference: {fileID: 0}
    - target: {fileID: 8049415714827323485, guid: 01666b3dcc2b1954cb6f416f68827e29,
        type: 3}
      propertyPath: m_LocalRotation.y
      value: 0
      objectReference: {fileID: 0}
    - target: {fileID: 8049415714827323485, guid: 01666b3dcc2b1954cb6f416f68827e29,
        type: 3}
      propertyPath: m_LocalRotation.z
      value: 0
      objectReference: {fileID: 0}
    - target: {fileID: 8049415714827323485, guid: 01666b3dcc2b1954cb6f416f68827e29,
        type: 3}
      propertyPath: m_LocalEulerAnglesHint.x
      value: 0
      objectReference: {fileID: 0}
    - target: {fileID: 8049415714827323485, guid: 01666b3dcc2b1954cb6f416f68827e29,
        type: 3}
      propertyPath: m_LocalEulerAnglesHint.y
      value: 0
      objectReference: {fileID: 0}
    - target: {fileID: 8049415714827323485, guid: 01666b3dcc2b1954cb6f416f68827e29,
        type: 3}
      propertyPath: m_LocalEulerAnglesHint.z
      value: 0
      objectReference: {fileID: 0}
    m_RemovedComponents: []
  m_SourcePrefab: {fileID: 100100000, guid: 01666b3dcc2b1954cb6f416f68827e29, type: 3}
--- !u!114 &5045480535327620969 stripped
MonoBehaviour:
  m_CorrespondingSourceObject: {fileID: 857066109958782508, guid: 01666b3dcc2b1954cb6f416f68827e29,
    type: 3}
  m_PrefabInstance: {fileID: 5611991764077887813}
  m_PrefabAsset: {fileID: 0}
  m_GameObject: {fileID: 0}
  m_Enabled: 1
  m_EditorHideFlags: 0
  m_Script: {fileID: 11500000, guid: 0dd9c8257292242478d9d4b6cad6c362, type: 3}
  m_Name: 
  m_EditorClassIdentifier: 
--- !u!4 &2473751867150895384 stripped
Transform:
  m_CorrespondingSourceObject: {fileID: 8049415714827323485, guid: 01666b3dcc2b1954cb6f416f68827e29,
    type: 3}
  m_PrefabInstance: {fileID: 5611991764077887813}
  m_PrefabAsset: {fileID: 0}
--- !u!1001 &5611991764111411371
PrefabInstance:
  m_ObjectHideFlags: 0
  serializedVersion: 2
  m_Modification:
    m_TransformParent: {fileID: 2473751867150895384}
    m_Modifications:
    - target: {fileID: 4263627633872940584, guid: 0b9b65a46b7fee54aa0f9e684c2e78d7,
        type: 3}
      propertyPath: m_Name
      value: CityTile
      objectReference: {fileID: 0}
    - target: {fileID: 5132676540354258479, guid: 0b9b65a46b7fee54aa0f9e684c2e78d7,
        type: 3}
      propertyPath: district
      value: 
      objectReference: {fileID: 5045480535327620969}
    - target: {fileID: 8049415714827323485, guid: 0b9b65a46b7fee54aa0f9e684c2e78d7,
        type: 3}
      propertyPath: m_RootOrder
      value: 0
      objectReference: {fileID: 0}
    - target: {fileID: 8049415714827323485, guid: 0b9b65a46b7fee54aa0f9e684c2e78d7,
        type: 3}
      propertyPath: m_LocalPosition.x
      value: 0
      objectReference: {fileID: 0}
    - target: {fileID: 8049415714827323485, guid: 0b9b65a46b7fee54aa0f9e684c2e78d7,
        type: 3}
      propertyPath: m_LocalPosition.y
      value: 0
      objectReference: {fileID: 0}
    - target: {fileID: 8049415714827323485, guid: 0b9b65a46b7fee54aa0f9e684c2e78d7,
        type: 3}
      propertyPath: m_LocalPosition.z
      value: 0
      objectReference: {fileID: 0}
    - target: {fileID: 8049415714827323485, guid: 0b9b65a46b7fee54aa0f9e684c2e78d7,
        type: 3}
      propertyPath: m_LocalRotation.w
      value: 1
      objectReference: {fileID: 0}
    - target: {fileID: 8049415714827323485, guid: 0b9b65a46b7fee54aa0f9e684c2e78d7,
        type: 3}
      propertyPath: m_LocalRotation.x
      value: 0
      objectReference: {fileID: 0}
    - target: {fileID: 8049415714827323485, guid: 0b9b65a46b7fee54aa0f9e684c2e78d7,
        type: 3}
      propertyPath: m_LocalRotation.y
      value: 0
      objectReference: {fileID: 0}
    - target: {fileID: 8049415714827323485, guid: 0b9b65a46b7fee54aa0f9e684c2e78d7,
        type: 3}
      propertyPath: m_LocalRotation.z
      value: 0
      objectReference: {fileID: 0}
    - target: {fileID: 8049415714827323485, guid: 0b9b65a46b7fee54aa0f9e684c2e78d7,
        type: 3}
      propertyPath: m_LocalEulerAnglesHint.x
      value: 0
      objectReference: {fileID: 0}
    - target: {fileID: 8049415714827323485, guid: 0b9b65a46b7fee54aa0f9e684c2e78d7,
        type: 3}
      propertyPath: m_LocalEulerAnglesHint.y
      value: 0
      objectReference: {fileID: 0}
    - target: {fileID: 8049415714827323485, guid: 0b9b65a46b7fee54aa0f9e684c2e78d7,
        type: 3}
      propertyPath: m_LocalEulerAnglesHint.z
      value: 0
      objectReference: {fileID: 0}
    m_RemovedComponents: []
  m_SourcePrefab: {fileID: 100100000, guid: 0b9b65a46b7fee54aa0f9e684c2e78d7, type: 3}
--- !u!4 &2473751867117371638 stripped
Transform:
  m_CorrespondingSourceObject: {fileID: 8049415714827323485, guid: 0b9b65a46b7fee54aa0f9e684c2e78d7,
    type: 3}
  m_PrefabInstance: {fileID: 5611991764111411371}
  m_PrefabAsset: {fileID: 0}
--- !u!114 &782257271664848516 stripped
MonoBehaviour:
  m_CorrespondingSourceObject: {fileID: 5132676540354258479, guid: 0b9b65a46b7fee54aa0f9e684c2e78d7,
    type: 3}
  m_PrefabInstance: {fileID: 5611991764111411371}
  m_PrefabAsset: {fileID: 0}
  m_GameObject: {fileID: 0}
  m_Enabled: 1
  m_EditorHideFlags: 0
  m_Script: {fileID: 11500000, guid: ed631f631d9d8fd429059affe367e0d7, type: 3}
  m_Name: 
  m_EditorClassIdentifier: 
--- !u!1001 &5611991764223553426
PrefabInstance:
  m_ObjectHideFlags: 0
  serializedVersion: 2
  m_Modification:
    m_TransformParent: {fileID: 5611991764123999659}
    m_Modifications:
    - target: {fileID: 2250790686123724488, guid: 893e4beb57720624b89c7cd183e4d7bb,
        type: 3}
      propertyPath: m_Name
      value: DividerEndLeft
      objectReference: {fileID: 0}
    - target: {fileID: 5408889188178285658, guid: 893e4beb57720624b89c7cd183e4d7bb,
        type: 3}
      propertyPath: m_RootOrder
      value: 0
      objectReference: {fileID: 0}
    - target: {fileID: 5408889188178285658, guid: 893e4beb57720624b89c7cd183e4d7bb,
        type: 3}
      propertyPath: m_LocalPosition.x
      value: -5.310808
      objectReference: {fileID: 0}
    - target: {fileID: 5408889188178285658, guid: 893e4beb57720624b89c7cd183e4d7bb,
        type: 3}
      propertyPath: m_LocalPosition.y
      value: -2
      objectReference: {fileID: 0}
    - target: {fileID: 5408889188178285658, guid: 893e4beb57720624b89c7cd183e4d7bb,
        type: 3}
      propertyPath: m_LocalPosition.z
      value: 11.3
      objectReference: {fileID: 0}
    - target: {fileID: 5408889188178285658, guid: 893e4beb57720624b89c7cd183e4d7bb,
        type: 3}
      propertyPath: m_LocalRotation.w
      value: 1
      objectReference: {fileID: 0}
    - target: {fileID: 5408889188178285658, guid: 893e4beb57720624b89c7cd183e4d7bb,
        type: 3}
      propertyPath: m_LocalRotation.x
      value: -0
      objectReference: {fileID: 0}
    - target: {fileID: 5408889188178285658, guid: 893e4beb57720624b89c7cd183e4d7bb,
        type: 3}
      propertyPath: m_LocalRotation.y
      value: -0
      objectReference: {fileID: 0}
    - target: {fileID: 5408889188178285658, guid: 893e4beb57720624b89c7cd183e4d7bb,
        type: 3}
      propertyPath: m_LocalRotation.z
      value: -0
      objectReference: {fileID: 0}
    - target: {fileID: 5408889188178285658, guid: 893e4beb57720624b89c7cd183e4d7bb,
        type: 3}
      propertyPath: m_LocalEulerAnglesHint.x
      value: 0
      objectReference: {fileID: 0}
    - target: {fileID: 5408889188178285658, guid: 893e4beb57720624b89c7cd183e4d7bb,
        type: 3}
      propertyPath: m_LocalEulerAnglesHint.y
      value: 0
      objectReference: {fileID: 0}
    - target: {fileID: 5408889188178285658, guid: 893e4beb57720624b89c7cd183e4d7bb,
        type: 3}
      propertyPath: m_LocalEulerAnglesHint.z
      value: 0
      objectReference: {fileID: 0}
    - target: {fileID: 8523025963110115298, guid: 893e4beb57720624b89c7cd183e4d7bb,
        type: 3}
      propertyPath: m_Materials.Array.data[0]
      value: 
      objectReference: {fileID: 2100000, guid: c727c0e613a15ea49954855d22abdc23, type: 2}
    m_RemovedComponents: []
  m_SourcePrefab: {fileID: 100100000, guid: 893e4beb57720624b89c7cd183e4d7bb, type: 3}
--- !u!4 &500445781944646600 stripped
Transform:
  m_CorrespondingSourceObject: {fileID: 5408889188178285658, guid: 893e4beb57720624b89c7cd183e4d7bb,
    type: 3}
  m_PrefabInstance: {fileID: 5611991764223553426}
  m_PrefabAsset: {fileID: 0}
--- !u!1001 &5611991764525692973
PrefabInstance:
  m_ObjectHideFlags: 0
  serializedVersion: 2
  m_Modification:
    m_TransformParent: {fileID: 5611991764123999659}
    m_Modifications:
    - target: {fileID: 164628707515945717, guid: 0d463a8a5d614e346a89aae9895b39d8,
        type: 3}
      propertyPath: m_RootOrder
      value: 2
      objectReference: {fileID: 0}
    - target: {fileID: 164628707515945717, guid: 0d463a8a5d614e346a89aae9895b39d8,
        type: 3}
      propertyPath: m_LocalPosition.x
      value: -8.88
      objectReference: {fileID: 0}
    - target: {fileID: 164628707515945717, guid: 0d463a8a5d614e346a89aae9895b39d8,
        type: 3}
      propertyPath: m_LocalPosition.y
      value: -2
      objectReference: {fileID: 0}
    - target: {fileID: 164628707515945717, guid: 0d463a8a5d614e346a89aae9895b39d8,
        type: 3}
      propertyPath: m_LocalPosition.z
      value: 11.3
      objectReference: {fileID: 0}
    - target: {fileID: 164628707515945717, guid: 0d463a8a5d614e346a89aae9895b39d8,
        type: 3}
      propertyPath: m_LocalRotation.w
      value: 1
      objectReference: {fileID: 0}
    - target: {fileID: 164628707515945717, guid: 0d463a8a5d614e346a89aae9895b39d8,
        type: 3}
      propertyPath: m_LocalRotation.x
      value: -0
      objectReference: {fileID: 0}
    - target: {fileID: 164628707515945717, guid: 0d463a8a5d614e346a89aae9895b39d8,
        type: 3}
      propertyPath: m_LocalRotation.y
      value: -0
      objectReference: {fileID: 0}
    - target: {fileID: 164628707515945717, guid: 0d463a8a5d614e346a89aae9895b39d8,
        type: 3}
      propertyPath: m_LocalRotation.z
      value: -0
      objectReference: {fileID: 0}
    - target: {fileID: 164628707515945717, guid: 0d463a8a5d614e346a89aae9895b39d8,
        type: 3}
      propertyPath: m_LocalEulerAnglesHint.x
      value: 0
      objectReference: {fileID: 0}
    - target: {fileID: 164628707515945717, guid: 0d463a8a5d614e346a89aae9895b39d8,
        type: 3}
      propertyPath: m_LocalEulerAnglesHint.y
      value: 0
      objectReference: {fileID: 0}
    - target: {fileID: 164628707515945717, guid: 0d463a8a5d614e346a89aae9895b39d8,
        type: 3}
      propertyPath: m_LocalEulerAnglesHint.z
      value: 0
      objectReference: {fileID: 0}
    - target: {fileID: 1797647394713971030, guid: 0d463a8a5d614e346a89aae9895b39d8,
        type: 3}
      propertyPath: m_Materials.Array.data[0]
      value: 
      objectReference: {fileID: 2100000, guid: c727c0e613a15ea49954855d22abdc23, type: 2}
    - target: {fileID: 1919928018866612229, guid: 0d463a8a5d614e346a89aae9895b39d8,
        type: 3}
      propertyPath: m_Name
      value: DividerEndRight
      objectReference: {fileID: 0}
    m_RemovedComponents: []
  m_SourcePrefab: {fileID: 100100000, guid: 0d463a8a5d614e346a89aae9895b39d8, type: 3}
--- !u!4 &5740167756169964248 stripped
Transform:
  m_CorrespondingSourceObject: {fileID: 164628707515945717, guid: 0d463a8a5d614e346a89aae9895b39d8,
    type: 3}
  m_PrefabInstance: {fileID: 5611991764525692973}
  m_PrefabAsset: {fileID: 0}
--- !u!1001 &5611991764714624856
PrefabInstance:
  m_ObjectHideFlags: 0
  serializedVersion: 2
  m_Modification:
    m_TransformParent: {fileID: 5611991764798205945}
    m_Modifications:
    - target: {fileID: 100000, guid: 109155e9c8b2bd046a319324b2dd2ca7, type: 3}
      propertyPath: m_Name
      value: WallSelect
      objectReference: {fileID: 0}
    - target: {fileID: 100000, guid: 109155e9c8b2bd046a319324b2dd2ca7, type: 3}
      propertyPath: m_IsActive
      value: 0
      objectReference: {fileID: 0}
    - target: {fileID: 400000, guid: 109155e9c8b2bd046a319324b2dd2ca7, type: 3}
      propertyPath: m_RootOrder
      value: 1
      objectReference: {fileID: 0}
    - target: {fileID: 400000, guid: 109155e9c8b2bd046a319324b2dd2ca7, type: 3}
      propertyPath: m_LocalPosition.x
      value: 0
      objectReference: {fileID: 0}
    - target: {fileID: 400000, guid: 109155e9c8b2bd046a319324b2dd2ca7, type: 3}
      propertyPath: m_LocalPosition.y
      value: 0
      objectReference: {fileID: 0}
    - target: {fileID: 400000, guid: 109155e9c8b2bd046a319324b2dd2ca7, type: 3}
      propertyPath: m_LocalPosition.z
      value: 0
      objectReference: {fileID: 0}
    - target: {fileID: 400000, guid: 109155e9c8b2bd046a319324b2dd2ca7, type: 3}
      propertyPath: m_LocalRotation.w
      value: 1
      objectReference: {fileID: 0}
    - target: {fileID: 400000, guid: 109155e9c8b2bd046a319324b2dd2ca7, type: 3}
      propertyPath: m_LocalRotation.x
      value: 0
      objectReference: {fileID: 0}
    - target: {fileID: 400000, guid: 109155e9c8b2bd046a319324b2dd2ca7, type: 3}
      propertyPath: m_LocalRotation.y
      value: 0
      objectReference: {fileID: 0}
    - target: {fileID: 400000, guid: 109155e9c8b2bd046a319324b2dd2ca7, type: 3}
      propertyPath: m_LocalRotation.z
      value: 0
      objectReference: {fileID: 0}
    - target: {fileID: 400000, guid: 109155e9c8b2bd046a319324b2dd2ca7, type: 3}
      propertyPath: m_LocalEulerAnglesHint.x
      value: 0
      objectReference: {fileID: 0}
    - target: {fileID: 400000, guid: 109155e9c8b2bd046a319324b2dd2ca7, type: 3}
      propertyPath: m_LocalEulerAnglesHint.y
      value: 0
      objectReference: {fileID: 0}
    - target: {fileID: 400000, guid: 109155e9c8b2bd046a319324b2dd2ca7, type: 3}
      propertyPath: m_LocalEulerAnglesHint.z
      value: 0
      objectReference: {fileID: 0}
    - target: {fileID: 2300000, guid: 109155e9c8b2bd046a319324b2dd2ca7, type: 3}
      propertyPath: m_Materials.Array.data[0]
      value: 
      objectReference: {fileID: 2100000, guid: 8abae66343e00ab488b45a87bbb9e48b, type: 2}
    m_RemovedComponents:
    - {fileID: 6400000, guid: 109155e9c8b2bd046a319324b2dd2ca7, type: 3}
  m_SourcePrefab: {fileID: 100100000, guid: 109155e9c8b2bd046a319324b2dd2ca7, type: 3}
--- !u!4 &5611991764714753496 stripped
Transform:
  m_CorrespondingSourceObject: {fileID: 400000, guid: 109155e9c8b2bd046a319324b2dd2ca7,
    type: 3}
  m_PrefabInstance: {fileID: 5611991764714624856}
  m_PrefabAsset: {fileID: 0}
--- !u!1001 &5611991765583407866
PrefabInstance:
  m_ObjectHideFlags: 0
  serializedVersion: 2
  m_Modification:
    m_TransformParent: {fileID: 5611991764123999659}
    m_Modifications:
    - target: {fileID: 912949919467311281, guid: 368f496baae513649800ca553f891824,
        type: 3}
      propertyPath: m_RootOrder
      value: 5
      objectReference: {fileID: 0}
    - target: {fileID: 912949919467311281, guid: 368f496baae513649800ca553f891824,
        type: 3}
      propertyPath: m_LocalPosition.x
      value: 8.172
      objectReference: {fileID: 0}
    - target: {fileID: 912949919467311281, guid: 368f496baae513649800ca553f891824,
        type: 3}
      propertyPath: m_LocalPosition.y
      value: -1.962
      objectReference: {fileID: 0}
    - target: {fileID: 912949919467311281, guid: 368f496baae513649800ca553f891824,
        type: 3}
      propertyPath: m_LocalPosition.z
      value: 12.142
      objectReference: {fileID: 0}
    - target: {fileID: 912949919467311281, guid: 368f496baae513649800ca553f891824,
        type: 3}
      propertyPath: m_LocalRotation.w
      value: 1
      objectReference: {fileID: 0}
    - target: {fileID: 912949919467311281, guid: 368f496baae513649800ca553f891824,
        type: 3}
      propertyPath: m_LocalRotation.x
      value: -0
      objectReference: {fileID: 0}
    - target: {fileID: 912949919467311281, guid: 368f496baae513649800ca553f891824,
        type: 3}
      propertyPath: m_LocalRotation.y
      value: -0
      objectReference: {fileID: 0}
    - target: {fileID: 912949919467311281, guid: 368f496baae513649800ca553f891824,
        type: 3}
      propertyPath: m_LocalRotation.z
      value: -0
      objectReference: {fileID: 0}
    - target: {fileID: 912949919467311281, guid: 368f496baae513649800ca553f891824,
        type: 3}
      propertyPath: m_LocalEulerAnglesHint.x
      value: 0
      objectReference: {fileID: 0}
    - target: {fileID: 912949919467311281, guid: 368f496baae513649800ca553f891824,
        type: 3}
      propertyPath: m_LocalEulerAnglesHint.y
      value: 0
      objectReference: {fileID: 0}
    - target: {fileID: 912949919467311281, guid: 368f496baae513649800ca553f891824,
        type: 3}
      propertyPath: m_LocalEulerAnglesHint.z
      value: 0
      objectReference: {fileID: 0}
    - target: {fileID: 8458307955958385153, guid: 368f496baae513649800ca553f891824,
        type: 3}
      propertyPath: m_Name
      value: FloorTileSmall
      objectReference: {fileID: 0}
    - target: {fileID: 9070983275878161327, guid: 368f496baae513649800ca553f891824,
        type: 3}
      propertyPath: m_Materials.Array.data[0]
      value: 
      objectReference: {fileID: 2100000, guid: 5f02819a1230a8b4097e4938410733b4, type: 2}
    m_RemovedComponents: []
  m_SourcePrefab: {fileID: 100100000, guid: 368f496baae513649800ca553f891824, type: 3}
--- !u!4 &4704783710905842251 stripped
Transform:
  m_CorrespondingSourceObject: {fileID: 912949919467311281, guid: 368f496baae513649800ca553f891824,
    type: 3}
  m_PrefabInstance: {fileID: 5611991765583407866}
  m_PrefabAsset: {fileID: 0}
--- !u!1001 &5611991765665204801
PrefabInstance:
  m_ObjectHideFlags: 0
  serializedVersion: 2
  m_Modification:
    m_TransformParent: {fileID: 5611991764123999659}
    m_Modifications:
    - target: {fileID: 1876585776404230060, guid: 47ff6712748d8fd40a97dd4cf6b41d15,
        type: 3}
      propertyPath: m_RootOrder
      value: 3
      objectReference: {fileID: 0}
    - target: {fileID: 1876585776404230060, guid: 47ff6712748d8fd40a97dd4cf6b41d15,
        type: 3}
      propertyPath: m_LocalPosition.x
      value: -7.092
      objectReference: {fileID: 0}
    - target: {fileID: 1876585776404230060, guid: 47ff6712748d8fd40a97dd4cf6b41d15,
        type: 3}
      propertyPath: m_LocalPosition.y
      value: -2
      objectReference: {fileID: 0}
    - target: {fileID: 1876585776404230060, guid: 47ff6712748d8fd40a97dd4cf6b41d15,
        type: 3}
      propertyPath: m_LocalPosition.z
      value: 11.3
      objectReference: {fileID: 0}
    - target: {fileID: 1876585776404230060, guid: 47ff6712748d8fd40a97dd4cf6b41d15,
        type: 3}
      propertyPath: m_LocalRotation.w
      value: 1
      objectReference: {fileID: 0}
    - target: {fileID: 1876585776404230060, guid: 47ff6712748d8fd40a97dd4cf6b41d15,
        type: 3}
      propertyPath: m_LocalRotation.x
      value: -0
      objectReference: {fileID: 0}
    - target: {fileID: 1876585776404230060, guid: 47ff6712748d8fd40a97dd4cf6b41d15,
        type: 3}
      propertyPath: m_LocalRotation.y
      value: -0
      objectReference: {fileID: 0}
    - target: {fileID: 1876585776404230060, guid: 47ff6712748d8fd40a97dd4cf6b41d15,
        type: 3}
      propertyPath: m_LocalRotation.z
      value: -0
      objectReference: {fileID: 0}
    - target: {fileID: 1876585776404230060, guid: 47ff6712748d8fd40a97dd4cf6b41d15,
        type: 3}
      propertyPath: m_LocalEulerAnglesHint.x
      value: 0
      objectReference: {fileID: 0}
    - target: {fileID: 1876585776404230060, guid: 47ff6712748d8fd40a97dd4cf6b41d15,
        type: 3}
      propertyPath: m_LocalEulerAnglesHint.y
      value: 0
      objectReference: {fileID: 0}
    - target: {fileID: 1876585776404230060, guid: 47ff6712748d8fd40a97dd4cf6b41d15,
        type: 3}
      propertyPath: m_LocalEulerAnglesHint.z
      value: 0
      objectReference: {fileID: 0}
    - target: {fileID: 5761738512820415099, guid: 47ff6712748d8fd40a97dd4cf6b41d15,
        type: 3}
      propertyPath: m_Materials.Array.data[0]
      value: 
      objectReference: {fileID: 2100000, guid: c727c0e613a15ea49954855d22abdc23, type: 2}
    - target: {fileID: 8199475055740678759, guid: 47ff6712748d8fd40a97dd4cf6b41d15,
        type: 3}
      propertyPath: m_Name
      value: DividerCentre
      objectReference: {fileID: 0}
    m_RemovedComponents: []
  m_SourcePrefab: {fileID: 100100000, guid: 47ff6712748d8fd40a97dd4cf6b41d15, type: 3}
--- !u!4 &6335214564752991725 stripped
Transform:
  m_CorrespondingSourceObject: {fileID: 1876585776404230060, guid: 47ff6712748d8fd40a97dd4cf6b41d15,
    type: 3}
  m_PrefabInstance: {fileID: 5611991765665204801}
  m_PrefabAsset: {fileID: 0}
--- !u!1001 &5611991765696229495
PrefabInstance:
  m_ObjectHideFlags: 0
  serializedVersion: 2
  m_Modification:
    m_TransformParent: {fileID: 5611991763892036080}
    m_Modifications:
    - target: {fileID: 259831197100470141, guid: b9d99b4096b38de459de1ef8d1bcdf9f,
        type: 3}
      propertyPath: m_RootOrder
      value: 3
      objectReference: {fileID: 0}
    - target: {fileID: 259831197100470141, guid: b9d99b4096b38de459de1ef8d1bcdf9f,
        type: 3}
      propertyPath: m_LocalPosition.x
      value: 0
      objectReference: {fileID: 0}
    - target: {fileID: 259831197100470141, guid: b9d99b4096b38de459de1ef8d1bcdf9f,
        type: 3}
      propertyPath: m_LocalPosition.y
      value: 0
      objectReference: {fileID: 0}
    - target: {fileID: 259831197100470141, guid: b9d99b4096b38de459de1ef8d1bcdf9f,
        type: 3}
      propertyPath: m_LocalPosition.z
      value: -18
      objectReference: {fileID: 0}
    - target: {fileID: 259831197100470141, guid: b9d99b4096b38de459de1ef8d1bcdf9f,
        type: 3}
      propertyPath: m_LocalRotation.w
      value: 1
      objectReference: {fileID: 0}
    - target: {fileID: 259831197100470141, guid: b9d99b4096b38de459de1ef8d1bcdf9f,
        type: 3}
      propertyPath: m_LocalRotation.x
      value: -0
      objectReference: {fileID: 0}
    - target: {fileID: 259831197100470141, guid: b9d99b4096b38de459de1ef8d1bcdf9f,
        type: 3}
      propertyPath: m_LocalRotation.y
      value: -0
      objectReference: {fileID: 0}
    - target: {fileID: 259831197100470141, guid: b9d99b4096b38de459de1ef8d1bcdf9f,
        type: 3}
      propertyPath: m_LocalRotation.z
      value: -0
      objectReference: {fileID: 0}
    - target: {fileID: 259831197100470141, guid: b9d99b4096b38de459de1ef8d1bcdf9f,
        type: 3}
      propertyPath: m_LocalEulerAnglesHint.x
      value: 0
      objectReference: {fileID: 0}
    - target: {fileID: 259831197100470141, guid: b9d99b4096b38de459de1ef8d1bcdf9f,
        type: 3}
      propertyPath: m_LocalEulerAnglesHint.y
      value: 0
      objectReference: {fileID: 0}
    - target: {fileID: 259831197100470141, guid: b9d99b4096b38de459de1ef8d1bcdf9f,
        type: 3}
      propertyPath: m_LocalEulerAnglesHint.z
      value: 0
      objectReference: {fileID: 0}
    - target: {fileID: 1625800385754161377, guid: b9d99b4096b38de459de1ef8d1bcdf9f,
        type: 3}
      propertyPath: m_Name
      value: NorthArrow
      objectReference: {fileID: 0}
    m_RemovedComponents: []
  m_SourcePrefab: {fileID: 100100000, guid: b9d99b4096b38de459de1ef8d1bcdf9f, type: 3}
--- !u!4 &5655069631136751370 stripped
Transform:
  m_CorrespondingSourceObject: {fileID: 259831197100470141, guid: b9d99b4096b38de459de1ef8d1bcdf9f,
    type: 3}
  m_PrefabInstance: {fileID: 5611991765696229495}
  m_PrefabAsset: {fileID: 0}
