%YAML 1.1
%TAG !u! tag:unity3d.com,2011:
--- !u!1 &486254788344549279
GameObject:
  m_ObjectHideFlags: 0
  m_CorrespondingSourceObject: {fileID: 0}
  m_PrefabInstance: {fileID: 0}
  m_PrefabAsset: {fileID: 0}
  serializedVersion: 6
  m_Component:
  - component: {fileID: 3230186048156370778}
  m_Layer: 0
  m_Name: (POLY FEW)_LODS-DON'T-DELETE-MANUALLY
  m_TagString: Untagged
  m_Icon: {fileID: 0}
  m_NavMeshLayer: 0
  m_StaticEditorFlags: 0
  m_IsActive: 1
--- !u!4 &3230186048156370778
Transform:
  m_ObjectHideFlags: 0
  m_CorrespondingSourceObject: {fileID: 0}
  m_PrefabInstance: {fileID: 0}
  m_PrefabAsset: {fileID: 0}
  m_GameObject: {fileID: 486254788344549279}
  m_LocalRotation: {x: 0, y: 0, z: 0, w: 1}
  m_LocalPosition: {x: 0, y: 0, z: 0}
  m_LocalScale: {x: 1, y: 1, z: 1}
  m_Children:
  - {fileID: 5074773292992006828}
  m_Father: {fileID: 7120801110065814620}
  m_RootOrder: 0
  m_LocalEulerAnglesHint: {x: 0, y: 0, z: 0}
--- !u!1 &2121276007837259670
GameObject:
  m_ObjectHideFlags: 0
  m_CorrespondingSourceObject: {fileID: 0}
  m_PrefabInstance: {fileID: 0}
  m_PrefabAsset: {fileID: 0}
  serializedVersion: 6
  m_Component:
  - component: {fileID: 7695347861347340548}
  - component: {fileID: 3282741509015984194}
  - component: {fileID: 5681407568893043067}
  m_Layer: 0
  m_Name: 000_static_LowerLegOverweightNaked
  m_TagString: Untagged
  m_Icon: {fileID: 0}
  m_NavMeshLayer: 0
  m_StaticEditorFlags: 0
  m_IsActive: 1
--- !u!4 &7695347861347340548
Transform:
  m_ObjectHideFlags: 0
  m_CorrespondingSourceObject: {fileID: 0}
  m_PrefabInstance: {fileID: 0}
  m_PrefabAsset: {fileID: 0}
  m_GameObject: {fileID: 2121276007837259670}
  m_LocalRotation: {x: -0, y: -0, z: -0, w: 1}
  m_LocalPosition: {x: 0, y: 0, z: 0}
  m_LocalScale: {x: 1, y: 1, z: 1}
  m_Children: []
  m_Father: {fileID: 5074773292992006828}
  m_RootOrder: 0
  m_LocalEulerAnglesHint: {x: 0, y: 0, z: 0}
--- !u!33 &3282741509015984194
MeshFilter:
  m_ObjectHideFlags: 0
  m_CorrespondingSourceObject: {fileID: 0}
  m_PrefabInstance: {fileID: 0}
  m_PrefabAsset: {fileID: 0}
  m_GameObject: {fileID: 2121276007837259670}
  m_Mesh: {fileID: 4300000, guid: a4aa7685fb94e91468e3f0b919d8cf1f, type: 2}
--- !u!23 &5681407568893043067
MeshRenderer:
  m_ObjectHideFlags: 0
  m_CorrespondingSourceObject: {fileID: 0}
  m_PrefabInstance: {fileID: 0}
  m_PrefabAsset: {fileID: 0}
  m_GameObject: {fileID: 2121276007837259670}
  m_Enabled: 1
  m_CastShadows: 1
  m_ReceiveShadows: 1
  m_DynamicOccludee: 1
  m_StaticShadowCaster: 0
  m_MotionVectors: 1
  m_LightProbeUsage: 1
  m_ReflectionProbeUsage: 1
  m_RayTracingMode: 2
  m_RayTraceProcedural: 0
  m_RenderingLayerMask: 257
  m_RendererPriority: 0
  m_Materials:
  - {fileID: 2100000, guid: e411a1394b3eacb4f9ad0a6587166a9d, type: 2}
  m_StaticBatchInfo:
    firstSubMesh: 0
    subMeshCount: 0
  m_StaticBatchRoot: {fileID: 0}
  m_ProbeAnchor: {fileID: 0}
  m_LightProbeVolumeOverride: {fileID: 0}
  m_ScaleInLightmap: 1
  m_ReceiveGI: 1
  m_PreserveUVs: 0
  m_IgnoreNormalsForChartDetection: 0
  m_ImportantGI: 0
  m_StitchLightmapSeams: 1
  m_SelectedEditorRenderState: 3
  m_MinimumChartSize: 4
  m_AutoUVMaxDistance: 0.5
  m_AutoUVMaxAngle: 89
  m_LightmapParameters: {fileID: 0}
  m_SortingLayerID: 0
  m_SortingLayer: 0
  m_SortingOrder: 0
  m_AdditionalVertexStreams: {fileID: 0}
--- !u!1 &5529471579670822885
GameObject:
  m_ObjectHideFlags: 0
  m_CorrespondingSourceObject: {fileID: 0}
  m_PrefabInstance: {fileID: 0}
  m_PrefabAsset: {fileID: 0}
  serializedVersion: 6
  m_Component:
  - component: {fileID: 5074773292992006828}
  m_Layer: 0
  m_Name: Level02
  m_TagString: Untagged
  m_Icon: {fileID: 0}
  m_NavMeshLayer: 0
  m_StaticEditorFlags: 0
  m_IsActive: 1
--- !u!4 &5074773292992006828
Transform:
  m_ObjectHideFlags: 0
  m_CorrespondingSourceObject: {fileID: 0}
  m_PrefabInstance: {fileID: 0}
  m_PrefabAsset: {fileID: 0}
  m_GameObject: {fileID: 5529471579670822885}
  m_LocalRotation: {x: 0, y: 0, z: 0, w: 1}
  m_LocalPosition: {x: 0, y: 0, z: 0}
  m_LocalScale: {x: 1, y: 1, z: 1}
  m_Children:
  - {fileID: 7695347861347340548}
  m_Father: {fileID: 3230186048156370778}
  m_RootOrder: 0
  m_LocalEulerAnglesHint: {x: 0, y: 0, z: 0}
--- !u!1 &6091526660286901839
GameObject:
  m_ObjectHideFlags: 0
  m_CorrespondingSourceObject: {fileID: 0}
  m_PrefabInstance: {fileID: 0}
  m_PrefabAsset: {fileID: 0}
  serializedVersion: 6
  m_Component:
  - component: {fileID: 7120801110065814620}
  - component: {fileID: 2272396272971359850}
  - component: {fileID: 5527505767196449427}
  - component: {fileID: 7241981506380895847}
  - component: {fileID: 6837990252208213670}
  m_Layer: 0
  m_Name: LowerLegOverweightNaked
  m_TagString: Untagged
  m_Icon: {fileID: 0}
  m_NavMeshLayer: 0
  m_StaticEditorFlags: 0
  m_IsActive: 1
--- !u!4 &7120801110065814620
Transform:
  m_ObjectHideFlags: 0
  m_CorrespondingSourceObject: {fileID: 0}
  m_PrefabInstance: {fileID: 0}
  m_PrefabAsset: {fileID: 0}
  m_GameObject: {fileID: 6091526660286901839}
  m_LocalRotation: {x: 0, y: 0, z: 0, w: 1}
  m_LocalPosition: {x: 0, y: 0, z: 0}
  m_LocalScale: {x: 1, y: 1, z: 1}
  m_Children:
  - {fileID: 3230186048156370778}
  m_Father: {fileID: 0}
  m_RootOrder: 0
  m_LocalEulerAnglesHint: {x: 0, y: 0, z: 0}
--- !u!33 &2272396272971359850
MeshFilter:
  m_ObjectHideFlags: 0
  m_CorrespondingSourceObject: {fileID: 0}
  m_PrefabInstance: {fileID: 0}
  m_PrefabAsset: {fileID: 0}
  m_GameObject: {fileID: 6091526660286901839}
  m_Mesh: {fileID: 4310119159713999335, guid: e859e61e631bd244aa2f4438ca5a8c91, type: 3}
--- !u!23 &5527505767196449427
MeshRenderer:
  m_ObjectHideFlags: 0
  m_CorrespondingSourceObject: {fileID: 0}
  m_PrefabInstance: {fileID: 0}
  m_PrefabAsset: {fileID: 0}
  m_GameObject: {fileID: 6091526660286901839}
  m_Enabled: 1
  m_CastShadows: 1
  m_ReceiveShadows: 1
  m_DynamicOccludee: 1
  m_StaticShadowCaster: 0
  m_MotionVectors: 1
  m_LightProbeUsage: 1
  m_ReflectionProbeUsage: 1
  m_RayTracingMode: 2
  m_RayTraceProcedural: 0
  m_RenderingLayerMask: 1
  m_RendererPriority: 0
  m_Materials:
  - {fileID: 2100000, guid: e411a1394b3eacb4f9ad0a6587166a9d, type: 2}
  m_StaticBatchInfo:
    firstSubMesh: 0
    subMeshCount: 0
  m_StaticBatchRoot: {fileID: 0}
  m_ProbeAnchor: {fileID: 0}
  m_LightProbeVolumeOverride: {fileID: 0}
  m_ScaleInLightmap: 1
  m_ReceiveGI: 1
  m_PreserveUVs: 0
  m_IgnoreNormalsForChartDetection: 0
  m_ImportantGI: 0
  m_StitchLightmapSeams: 1
  m_SelectedEditorRenderState: 3
  m_MinimumChartSize: 4
  m_AutoUVMaxDistance: 0.5
  m_AutoUVMaxAngle: 89
  m_LightmapParameters: {fileID: 0}
  m_SortingLayerID: 0
  m_SortingLayer: 0
  m_SortingOrder: 0
  m_AdditionalVertexStreams: {fileID: 0}
--- !u!114 &7241981506380895847
MonoBehaviour:
  m_ObjectHideFlags: 0
  m_CorrespondingSourceObject: {fileID: 0}
  m_PrefabInstance: {fileID: 0}
  m_PrefabAsset: {fileID: 0}
  m_GameObject: {fileID: 6091526660286901839}
  m_Enabled: 1
  m_EditorHideFlags: 0
  m_Script: {fileID: 11500000, guid: 8a054274092705d47b8cc27f27aab3bc, type: 3}
  m_Name: 
  m_EditorClassIdentifier: 
  dataContainer:
    objectsHistory:
      gameObject: {fileID: 0}
      undoOperations: []
      redoOperations: []
    objectMeshPairs:
      _Buckets: 00000000ffffffffffffffff
      _HashCodes: 44be06000000000000000000
      _Next: ffffffff0000000000000000
      _Count: 1
      _Version: 1
      _FreeList: -1
      _FreeCount: 0
      _Keys:
      - {fileID: 6091526660286901839}
      - {fileID: 0}
      - {fileID: 0}
      _Values:
      - attachedToMeshFilter: 1
        mesh: {fileID: 4310119159713999335, guid: e859e61e631bd244aa2f4438ca5a8c91,
          type: 3}
      - attachedToMeshFilter: 0
        mesh: {fileID: 0}
      - attachedToMeshFilter: 0
        mesh: {fileID: 0}
    currentLodLevelSettings:
    - reductionStrength: 0
      transitionHeight: 0.6
      preserveUVFoldover: 0
      preserveUVSeams: 0
      preserveBorders: 0
      useEdgeSort: 1
      recalculateNormals: 0
      aggressiveness: 7
      maxIterations: 100
      regardCurvature: 0
      regardTolerance: 0
      combineMeshes: 0
      simplificationOptionsFoldout: 0
      intensityFoldout: 0
      sphereIntensities: []
    - reductionStrength: 40
      transitionHeight: 0.4
      preserveUVFoldover: 0
      preserveUVSeams: 1
      preserveBorders: 0
      useEdgeSort: 1
      recalculateNormals: 1
      aggressiveness: 7
      maxIterations: 100
      regardCurvature: 1
      regardTolerance: 0
      combineMeshes: 0
      simplificationOptionsFoldout: 1
      intensityFoldout: 0
      sphereIntensities: []
    toleranceSpheres: []
    lodBackup:
      originalRenderers: []
      lodParentObject: {fileID: 486254788344549279}
    textureArraysSettings:
      diffuseArraySettings:
        resolution:
          width: 512
          height: 512
        filteringMode: 0
        compressionType: 0
        compressionQuality: 1
        anisotropicFilteringLevel: 1
        choiceResolutionW: 4
        choiceResolutionH: 4
        choiceFilteringMode: 0
        choiceCompressionQuality: 1
        choiceCompressionType: 0
      metallicArraySettings:
        resolution:
          width: 512
          height: 512
        filteringMode: 0
        compressionType: 0
        compressionQuality: 1
        anisotropicFilteringLevel: 1
        choiceResolutionW: 4
        choiceResolutionH: 4
        choiceFilteringMode: 0
        choiceCompressionQuality: 1
        choiceCompressionType: 0
      specularArraySettings:
        resolution:
          width: 512
          height: 512
        filteringMode: 0
        compressionType: 0
        compressionQuality: 1
        anisotropicFilteringLevel: 1
        choiceResolutionW: 4
        choiceResolutionH: 4
        choiceFilteringMode: 0
        choiceCompressionQuality: 1
        choiceCompressionType: 0
      normalArraySettings:
        resolution:
          width: 512
          height: 512
        filteringMode: 0
        compressionType: 0
        compressionQuality: 1
        anisotropicFilteringLevel: 1
        choiceResolutionW: 4
        choiceResolutionH: 4
        choiceFilteringMode: 0
        choiceCompressionQuality: 1
        choiceCompressionType: 0
      heightArraySettings:
        resolution:
          width: 512
          height: 512
        filteringMode: 0
        compressionType: 0
        compressionQuality: 1
        anisotropicFilteringLevel: 1
        choiceResolutionW: 4
        choiceResolutionH: 4
        choiceFilteringMode: 0
        choiceCompressionQuality: 1
        choiceCompressionType: 0
      occlusionArraySettings:
        resolution:
          width: 512
          height: 512
        filteringMode: 0
        compressionType: 0
        compressionQuality: 1
        anisotropicFilteringLevel: 1
        choiceResolutionW: 4
        choiceResolutionH: 4
        choiceFilteringMode: 0
        choiceCompressionQuality: 1
        choiceCompressionType: 0
      emissiveArraySettings:
        resolution:
          width: 512
          height: 512
        filteringMode: 0
        compressionType: 0
        compressionQuality: 1
        anisotropicFilteringLevel: 1
        choiceResolutionW: 4
        choiceResolutionH: 4
        choiceFilteringMode: 0
        choiceCompressionQuality: 1
        choiceCompressionType: 0
      detailMaskArraySettings:
        resolution:
          width: 512
          height: 512
        filteringMode: 0
        compressionType: 0
        compressionQuality: 1
        anisotropicFilteringLevel: 1
        choiceResolutionW: 4
        choiceResolutionH: 4
        choiceFilteringMode: 0
        choiceCompressionQuality: 1
        choiceCompressionType: 0
      detailAlbedoArraySettings:
        resolution:
          width: 512
          height: 512
        filteringMode: 0
        compressionType: 0
        compressionQuality: 1
        anisotropicFilteringLevel: 1
        choiceResolutionW: 4
        choiceResolutionH: 4
        choiceFilteringMode: 0
        choiceCompressionQuality: 1
        choiceCompressionType: 0
      detailNormalArraySettings:
        resolution:
          width: 512
          height: 512
        filteringMode: 0
        compressionType: 0
        compressionQuality: 1
        anisotropicFilteringLevel: 1
        choiceResolutionW: 4
        choiceResolutionH: 4
        choiceFilteringMode: 0
        choiceCompressionQuality: 1
        choiceCompressionType: 0
    materialsToRestore: []
    lastObjMaterialLinks: {fileID: 0}
    relocateMaterialLinks: 0
    reInitializeTempMatProps: 0
    choiceTextureMap: 0
    choiceDiffuseColorSpace: 0
    batchFewSavePath: 
    existingTextureArrays: []
    existingTextureArraysFoldout: 0
    existingTextureArraysSize: 0
    textureArraysPropsFoldout: 0
    existingArraysProps:
      resolution:
        width: 0
        height: 0
      filteringMode: 0
      compressionType: 0
      compressionQuality: 0
      anisotropicFilteringLevel: 0
      choiceResolutionW: 0
      choiceResolutionH: 0
      choiceFilteringMode: 0
      choiceCompressionQuality: 0
      choiceCompressionType: 0
    choiceColorSpace: 0
    preserveBorders: 0
    preserveUVSeams: 1
    preserveUVFoldover: 0
    useEdgeSort: 1
    recalculateNormals: 1
    maxIterations: 100
    aggressiveness: 7
    regardCurvature: 1
    considerChildren: 0
    isPreservationActive: 0
    sphereDiameter: 0.5
    oldSphereScale: {x: 0, y: 0, z: 0}
    reductionStrength: 0
    reductionPending: 0
    prevFeasibleTarget: {fileID: 0}
    runOnThreads: 0
    triangleCount: 164
    lastDrawer: {fileID: 0}
    foldoutAutoLOD: 0
    foldoutBatchFew: 0
    foldoutAutoLODMultiple: 0
    objPositionPrevFrame: {x: 0, y: 0, z: 0}
    objScalePrevFrame: {x: 1, y: 1, z: 1}
    considerChildrenBatchFew: 1
    autoLODSavePath: 
    foldoutAdditionalOpts: 0
    generateUV2LODs: 0
    copyParentStaticFlags: 0
    copyParentTag: 0
    copyParentLayer: 0
    createAsChildren: 0
    removeLODBackupComponent: 0
    generateUV2batchfew: 0
    removeMaterialLinksComponent: 0
    clearBlendshapesComplete: 0
    clearBlendshapesNormals: 0
    clearBlendshapesTangents: 0
    isPlainSkin: 0
--- !u!205 &6837990252208213670
LODGroup:
  m_ObjectHideFlags: 0
  m_CorrespondingSourceObject: {fileID: 0}
  m_PrefabInstance: {fileID: 0}
  m_PrefabAsset: {fileID: 0}
  m_GameObject: {fileID: 6091526660286901839}
  serializedVersion: 2
  m_LocalReferencePoint: {x: -0.014999993, y: -0.15749998, z: -0.030000001}
  m_Size: 0.42
  m_FadeMode: 0
  m_AnimateCrossFading: 0
  m_LastLODIsBillboard: 0
  m_LODs:
  - screenRelativeHeight: 0.6
    fadeTransitionWidth: 0
    renderers:
    - renderer: {fileID: 5527505767196449427}
  - screenRelativeHeight: 0.4
    fadeTransitionWidth: 0
    renderers:
    - renderer: {fileID: 5681407568893043067}
  m_Enabled: 1
