%YAML 1.1
%TAG !u! tag:unity3d.com,2011:
--- !u!205 &4275925317518225899
LODGroup:
  m_ObjectHideFlags: 0
  m_CorrespondingSourceObject: {fileID: 0}
  m_PrefabInstance: {fileID: 0}
  m_PrefabAsset: {fileID: 0}
  m_GameObject: {fileID: 830747540477256605}
  serializedVersion: 2
  m_LocalReferencePoint: {x: 0, y: -0.11999996, z: 0.034992367}
  m_Size: 0.6899999
  m_FadeMode: 0
  m_AnimateCrossFading: 0
  m_LastLODIsBillboard: 0
  m_LODs:
  - screenRelativeHeight: 0.01
    fadeTransitionWidth: 0
    renderers:
    - renderer: {fileID: 1421939496244418369}
  m_Enabled: 1
--- !u!114 &1234871873532127075
MonoBehaviour:
  m_ObjectHideFlags: 0
  m_CorrespondingSourceObject: {fileID: 0}
  m_PrefabInstance: {fileID: 0}
  m_PrefabAsset: {fileID: 0}
  m_GameObject: {fileID: 830747540477256605}
  m_Enabled: 1
  m_EditorHideFlags: 0
  m_Script: {fileID: 11500000, guid: ff412bc5692e0224e8f0e6696be8fc6d, type: 3}
  m_Name: 
  m_EditorClassIdentifier: 
  id: 0
  meshes: []
  lod: {fileID: 4275925317518225899}
  rb: {fileID: 0}
  coll: {fileID: 6372506867749858698}
  altColl: {fileID: 0}
  flash: {fileID: 0}
  doorMovement: {fileID: 0}
  secondaryDoorMovement: {fileID: 0}
  thirdDoorMovement: {fileID: 0}
  lightController: {fileID: 0}
  steam: {fileID: 0}
  computer: {fileID: 0}
  securitySystem: {fileID: 7948338122721181205}
  fileSystem: {fileID: 0}
  decalProjector: {fileID: 0}
  pages: []
  partSystem: {fileID: 0}
  lockParentOverride: {fileID: 0}
  lockedInTransformOffset: {x: 0, y: 0, z: 0}
  enableSwitchSync: 0
  switchSyncObjects: []
  isVisible: 1
  isCarriedByPlayer: 0
  carryProgress: 0
  physicsOn: 0
  minimumPhysicsTime: 0
  damageEligable: 0
  wasTrigger: 0
  thrownBy: {fileID: 0}
  lookAtTarget: {fileID: 0}
  interactionWindow: {fileID: 0}
  isDoor: {fileID: 0}
  isActor: {fileID: 0}
  belongsTo: {fileID: 0}
  isPhone: 0
  phoneReciever: {fileID: 0}
  particleSystemDistance: 20
  debugInteractable: []
  debugAngle: 0
  debugFurnitureAnchorNodePos: {x: 0, y: 0, z: 0}
  debugLocalPos: {x: 0, y: 0, z: 0}
  debugLocalEuler: {x: 0, y: 0, z: 0}
  debugWorldPos: {x: 0, y: 0, z: 0}
  debugInteractablePredictedWorldPos: {x: 0, y: 0, z: 0}
  debugNodeCoord: {x: 0, y: 0, z: 0}
  debugUsagePoint:
    useSetting:
      usageOffset: {x: 0, y: 0, z: 0.35}
      facingOffset: {x: 0, y: 0, z: 0}
      useNodeFloorPosition: 1
      useDoorBehaviour: 0
      useSittingOffset: 0
      useArmsStandingOffset: 0
    useageWorldPosition: {x: 0, y: 0, z: 0}
    worldLookAtPoint: {x: 0, y: 0, z: 0}
    debugDefaultSlot: {fileID: 0}
    debugSlot1: {fileID: 0}
    debugSlot2: {fileID: 0}
    slotLog: []
  debugOwnedBy: {fileID: 0}
  debugWrittenBy: {fileID: 0}
  debugReceivedBy: {fileID: 0}
  debugFurnitureOwnedBy: []
  debugSwitchState: 0
  debugState1: 0
  debugRoom: {fileID: 0}
  debugVent:
    ventID: 0
    ventType: 0
    room: {fileID: 0}
    group: {fileID: 0}
    mapButton: {fileID: 0}
    discovered: 0
    removed: 0
    spawned: {fileID: 0}
    debugNode: {x: 0, y: 0, z: 0}
    debugRoomNode: {x: 0, y: 0, z: 0}
  willBeSavedWithCity: 0
  willBeSavedWithState: 0
  isMainLight: 0
--- !u!114 &7948338122721181205
MonoBehaviour:
  m_ObjectHideFlags: 0
  m_CorrespondingSourceObject: {fileID: 0}
  m_PrefabInstance: {fileID: 0}
  m_PrefabAsset: {fileID: 0}
  m_GameObject: {fileID: 830747540477256605}
  m_Enabled: 1
  m_EditorHideFlags: 0
  m_Script: {fileID: 11500000, guid: d53f9aff9b99e8647a8504dbfbc3212b, type: 3}
  m_Name: 
  m_EditorClassIdentifier: 
  isMoving: 0
  isRunning: 0
  isMachine: 1
  isPlayer: 0
  isAsleep: 0
  isDelayed: 0
  isStunned: 0
  isDead: 0
  unreportable: 0
  isTrespassing: 0
  isOnStreet: 0
  seesOthers: 1
  isSeenByOthers: 0
  canListen: 0
  visible: 1
  isHome: 0
  isAtWork: 0
  inAirVent: 0
  isHiding: 0
  isInBed: 0
  inConversation: 0
  isSpeaking: 0
  isHomeless: 0
  isLitterBug: 0
  isOnDuty: 0
  isEnforcer: 0
  ownsUmbrella: 1
  likesTheRain: 0
  forceTarget: 0
  debugSeesPlayer: 0
  debugLastSeesPlayerChange: 0
  illegalActionActive: 0
  illegalAreaActive: 0
  trespassingEscalation: 0
  illegalStatus: 0
  lookAtThisTransform: {fileID: 4457492313777361294}
  aimTransform: {fileID: 0}
  modelParent: {fileID: 0}
  distantLOD: {fileID: 0}
  meshes: []
  meshesLOD1: []
  animationController: {fileID: 0}
  speechController: {fileID: 0}
  neckTransform: {fileID: 4457492313777361294}
  citizenObjectPreset: {fileID: 0}
  interactableController: {fileID: 1234871873532127075}
  ai: {fileID: 0}
  footstepSoundTransform: {fileID: 0}
  outline: {fileID: 0}
  currentHealth: 1
  maximumHealth: 1
  currentHealthNormalized: 1
  recoveryRate: 0.5
  combatSkill: 1
  combatHeft: 0.1
  currentNerve: 0.1
  lastScaredBy: {fileID: 0}
  lastScaredAt: {fileID: 0}
  maxNerve: 0.5
  currentRoom: {fileID: 0}
  keyring: []
  currentLightLevel: 1
  stealthMode: 0
  isCrouched: 0
  appliedStealth: 0
  overallVisibility: 1
  stealthDistance: 20
  escalationLevel: 0
  timeOfLastSightCheck: 0
  spotFocusSpeedMultiplier: 0.25
  spotLoseFocusSpeedMultiplier: 10
  hearingMultiplier: 0
  inventory: []
  stealthSkill: 0
  system: 0
  anim: {fileID: 0}
  laser: {fileID: 0}
  laserLight: {fileID: 0}
  isActive: 0
  isAnimating: 0
  trackingTarget: {fileID: 0}
  acquiredTarget: 0
  rend: {fileID: 1421939496244418369}
  rotationPivotTransform: {fileID: 7592522988363731848}
  desiredPivotRotation: {x: 0, y: 0, z: 0, w: 0}
  selfTransform: {fileID: 4457492313777361294}
  desiredSelfRotation: {x: 0.17364818, y: 0, z: 0, w: 0.9848077}
  muzzleTransform: {fileID: 4457492313777361294}
  seekUpdateProgress: 0
  forgetProgress: 0
  activeTargets: []
  sweepProgress: 0
  cameraSweep:
    serializedVersion: 2
    m_Curve:
    - serializedVersion: 3
      time: 0
      value: -45
      inSlope: -0.8552343
      outSlope: -0.8552343
      tangentMode: 0
      weightedMode: 0
      inWeight: 0
      outWeight: 0.13887046
    - serializedVersion: 3
      time: 0.5
      value: 45
      inSlope: 0
      outSlope: 0
      tangentMode: 34
      weightedMode: 0
      inWeight: 0.33333334
      outWeight: 0.33333334
    - serializedVersion: 3
      time: 1
      value: -45
      inSlope: 0.8388155
      outSlope: 0.8388155
      tangentMode: 0
      weightedMode: 0
      inWeight: 0.14158869
      outWeight: 0
    m_PreInfinity: 2
    m_PostInfinity: 2
    m_RotationOrder: 4
  focusGraceTime: 3.5
  focusGiveUpTime: 5
--- !u!1 &5234344546695202851
GameObject:
  m_ObjectHideFlags: 0
  m_CorrespondingSourceObject: {fileID: 0}
  m_PrefabInstance: {fileID: 0}
  m_PrefabAsset: {fileID: 0}
  serializedVersion: 6
  m_Component:
  - component: {fileID: 7592522988363731848}
  m_Layer: 0
  m_Name: RotationPivot
  m_TagString: Untagged
  m_Icon: {fileID: 0}
  m_NavMeshLayer: 0
  m_StaticEditorFlags: 0
  m_IsActive: 1
--- !u!4 &7592522988363731848
Transform:
  m_ObjectHideFlags: 0
  m_CorrespondingSourceObject: {fileID: 0}
  m_PrefabInstance: {fileID: 0}
  m_PrefabAsset: {fileID: 0}
  m_GameObject: {fileID: 5234344546695202851}
  m_LocalRotation: {x: 0, y: 0, z: 0, w: 1}
  m_LocalPosition: {x: 0, y: -0.341, z: 0}
  m_LocalScale: {x: 1, y: 1, z: 1}
  m_Children:
  - {fileID: 4457492313777361294}
  m_Father: {fileID: 7908044646201676190}
  m_RootOrder: 0
  m_LocalEulerAnglesHint: {x: 0, y: 0, z: 0}
--- !u!1 &6621520078822253453
GameObject:
  m_ObjectHideFlags: 0
  m_CorrespondingSourceObject: {fileID: 0}
  m_PrefabInstance: {fileID: 0}
  m_PrefabAsset: {fileID: 0}
  serializedVersion: 6
  m_Component:
  - component: {fileID: 7908044646201676190}
  - component: {fileID: 1217100041572379560}
  - component: {fileID: 4888810645828605777}
  m_Layer: 0
  m_Name: SecurityCamera
  m_TagString: Untagged
  m_Icon: {fileID: 0}
  m_NavMeshLayer: 0
  m_StaticEditorFlags: 0
  m_IsActive: 1
--- !u!4 &7908044646201676190
Transform:
  m_ObjectHideFlags: 0
  m_CorrespondingSourceObject: {fileID: 0}
  m_PrefabInstance: {fileID: 0}
  m_PrefabAsset: {fileID: 0}
  m_GameObject: {fileID: 6621520078822253453}
  m_LocalRotation: {x: 0, y: 0, z: 0, w: 1}
  m_LocalPosition: {x: -67.77804, y: -12.44, z: -58.338654}
  m_LocalScale: {x: 1, y: 1, z: 1}
  m_Children:
  - {fileID: 7592522988363731848}
  m_Father: {fileID: 0}
  m_RootOrder: 0
  m_LocalEulerAnglesHint: {x: 0, y: 0, z: 0}
--- !u!33 &1217100041572379560
MeshFilter:
  m_ObjectHideFlags: 0
  m_CorrespondingSourceObject: {fileID: 0}
  m_PrefabInstance: {fileID: 0}
  m_PrefabAsset: {fileID: 0}
  m_GameObject: {fileID: 6621520078822253453}
  m_Mesh: {fileID: -4759599553454115512, guid: 0c75db305392e494fa5370feeb4e4baa, type: 3}
--- !u!23 &4888810645828605777
MeshRenderer:
  m_ObjectHideFlags: 0
  m_CorrespondingSourceObject: {fileID: 0}
  m_PrefabInstance: {fileID: 0}
  m_PrefabAsset: {fileID: 0}
  m_GameObject: {fileID: 6621520078822253453}
  m_Enabled: 1
  m_CastShadows: 1
  m_ReceiveShadows: 1
  m_DynamicOccludee: 1
  m_StaticShadowCaster: 0
  m_MotionVectors: 1
  m_LightProbeUsage: 1
  m_ReflectionProbeUsage: 1
  m_RayTracingMode: 2
  m_RayTraceProcedural: 0
  m_RenderingLayerMask: 1
  m_RendererPriority: 0
  m_Materials:
  - {fileID: 2100000, guid: 100477cdab14fb94787ba3b5f22fb27c, type: 2}
  m_StaticBatchInfo:
    firstSubMesh: 0
    subMeshCount: 0
  m_StaticBatchRoot: {fileID: 0}
  m_ProbeAnchor: {fileID: 0}
  m_LightProbeVolumeOverride: {fileID: 0}
  m_ScaleInLightmap: 1
  m_ReceiveGI: 1
  m_PreserveUVs: 0
  m_IgnoreNormalsForChartDetection: 0
  m_ImportantGI: 0
  m_StitchLightmapSeams: 1
  m_SelectedEditorRenderState: 3
  m_MinimumChartSize: 4
  m_AutoUVMaxDistance: 0.5
  m_AutoUVMaxAngle: 89
  m_LightmapParameters: {fileID: 0}
  m_SortingLayerID: 0
  m_SortingLayer: 0
  m_SortingOrder: 0
  m_AdditionalVertexStreams: {fileID: 0}
--- !u!1001 &8693782825262021268
PrefabInstance:
  m_ObjectHideFlags: 0
  serializedVersion: 2
  m_Modification:
    m_TransformParent: {fileID: 7592522988363731848}
    m_Modifications:
    - target: {fileID: -6860895033569716450, guid: 48602d5eed16a7846bd96dff1b246e44,
        type: 3}
      propertyPath: m_Convex
      value: 1
      objectReference: {fileID: 0}
    - target: {fileID: -4216859302048453862, guid: 48602d5eed16a7846bd96dff1b246e44,
        type: 3}
      propertyPath: m_RootOrder
      value: 0
      objectReference: {fileID: 0}
    - target: {fileID: -4216859302048453862, guid: 48602d5eed16a7846bd96dff1b246e44,
        type: 3}
      propertyPath: m_LocalPosition.x
      value: 0
      objectReference: {fileID: 0}
    - target: {fileID: -4216859302048453862, guid: 48602d5eed16a7846bd96dff1b246e44,
        type: 3}
      propertyPath: m_LocalPosition.y
      value: 0
      objectReference: {fileID: 0}
    - target: {fileID: -4216859302048453862, guid: 48602d5eed16a7846bd96dff1b246e44,
        type: 3}
      propertyPath: m_LocalPosition.z
      value: 0
      objectReference: {fileID: 0}
    - target: {fileID: -4216859302048453862, guid: 48602d5eed16a7846bd96dff1b246e44,
        type: 3}
      propertyPath: m_LocalRotation.w
      value: 0.9848078
      objectReference: {fileID: 0}
    - target: {fileID: -4216859302048453862, guid: 48602d5eed16a7846bd96dff1b246e44,
        type: 3}
      propertyPath: m_LocalRotation.x
      value: 0.17364816
      objectReference: {fileID: 0}
    - target: {fileID: -4216859302048453862, guid: 48602d5eed16a7846bd96dff1b246e44,
        type: 3}
      propertyPath: m_LocalRotation.y
      value: 0
      objectReference: {fileID: 0}
    - target: {fileID: -4216859302048453862, guid: 48602d5eed16a7846bd96dff1b246e44,
        type: 3}
      propertyPath: m_LocalRotation.z
      value: 0
      objectReference: {fileID: 0}
    - target: {fileID: -4216859302048453862, guid: 48602d5eed16a7846bd96dff1b246e44,
        type: 3}
      propertyPath: m_LocalEulerAnglesHint.x
      value: 20
      objectReference: {fileID: 0}
    - target: {fileID: -4216859302048453862, guid: 48602d5eed16a7846bd96dff1b246e44,
        type: 3}
      propertyPath: m_LocalEulerAnglesHint.y
      value: 0
      objectReference: {fileID: 0}
    - target: {fileID: -4216859302048453862, guid: 48602d5eed16a7846bd96dff1b246e44,
        type: 3}
      propertyPath: m_LocalEulerAnglesHint.z
      value: 0
      objectReference: {fileID: 0}
    - target: {fileID: -1504981713932161579, guid: 48602d5eed16a7846bd96dff1b246e44,
        type: 3}
      propertyPath: m_Materials.Array.data[0]
      value: 
      objectReference: {fileID: 2100000, guid: 9e461c2496eb64b4eb3ab87c0d2c6dca, type: 2}
    - target: {fileID: -927199367670048503, guid: 48602d5eed16a7846bd96dff1b246e44,
        type: 3}
      propertyPath: m_Name
      value: SecurityCamera
      objectReference: {fileID: 0}
    m_RemovedComponents: []
  m_SourcePrefab: {fileID: 100100000, guid: 48602d5eed16a7846bd96dff1b246e44, type: 3}
--- !u!1 &830747540477256605 stripped
GameObject:
  m_CorrespondingSourceObject: {fileID: -927199367670048503, guid: 48602d5eed16a7846bd96dff1b246e44,
    type: 3}
  m_PrefabInstance: {fileID: 8693782825262021268}
  m_PrefabAsset: {fileID: 0}
--- !u!4 &4457492313777361294 stripped
Transform:
  m_CorrespondingSourceObject: {fileID: -4216859302048453862, guid: 48602d5eed16a7846bd96dff1b246e44,
    type: 3}
  m_PrefabInstance: {fileID: 8693782825262021268}
  m_PrefabAsset: {fileID: 0}
--- !u!23 &1421939496244418369 stripped
MeshRenderer:
  m_CorrespondingSourceObject: {fileID: -1504981713932161579, guid: 48602d5eed16a7846bd96dff1b246e44,
    type: 3}
  m_PrefabInstance: {fileID: 8693782825262021268}
  m_PrefabAsset: {fileID: 0}
--- !u!64 &6372506867749858698 stripped
MeshCollider:
  m_CorrespondingSourceObject: {fileID: -6860895033569716450, guid: 48602d5eed16a7846bd96dff1b246e44,
    type: 3}
  m_PrefabInstance: {fileID: 8693782825262021268}
  m_PrefabAsset: {fileID: 0}
