%YAML 1.1
%TAG !u! tag:unity3d.com,2011:
--- !u!1 &5689592386696732918
GameObject:
  m_ObjectHideFlags: 0
  m_CorrespondingSourceObject: {fileID: 0}
  m_PrefabInstance: {fileID: 0}
  m_PrefabAsset: {fileID: 0}
  serializedVersion: 6
  m_Component:
  - component: {fileID: 5025646155332270668}
  - component: {fileID: 8219479542367794665}
  - component: {fileID: 6194000149933244707}
  - component: {fileID: 7913038124628011951}
  m_Layer: 0
  m_Name: ElectricHeater
  m_TagString: Untagged
  m_Icon: {fileID: 0}
  m_NavMeshLayer: 0
  m_StaticEditorFlags: 0
  m_IsActive: 1
--- !u!4 &5025646155332270668
Transform:
  m_ObjectHideFlags: 0
  m_CorrespondingSourceObject: {fileID: 0}
  m_PrefabInstance: {fileID: 0}
  m_PrefabAsset: {fileID: 0}
  m_GameObject: {fileID: 5689592386696732918}
  m_LocalRotation: {x: -0, y: 1, z: -0, w: 0}
  m_LocalPosition: {x: 7.0582047, y: 0.48999286, z: 7.738468}
  m_LocalScale: {x: 1, y: 1, z: 1}
  m_Children:
  - {fileID: 8640124565107741222}
  m_Father: {fileID: 0}
  m_RootOrder: 0
  m_LocalEulerAnglesHint: {x: 0, y: 180, z: 0}
--- !u!33 &8219479542367794665
MeshFilter:
  m_ObjectHideFlags: 0
  m_CorrespondingSourceObject: {fileID: 0}
  m_PrefabInstance: {fileID: 0}
  m_PrefabAsset: {fileID: 0}
  m_GameObject: {fileID: 5689592386696732918}
  m_Mesh: {fileID: -6353308538309944110, guid: 8032a1de9e47bbc45b101b982705ac64, type: 3}
--- !u!23 &6194000149933244707
MeshRenderer:
  m_ObjectHideFlags: 0
  m_CorrespondingSourceObject: {fileID: 0}
  m_PrefabInstance: {fileID: 0}
  m_PrefabAsset: {fileID: 0}
  m_GameObject: {fileID: 5689592386696732918}
  m_Enabled: 1
  m_CastShadows: 1
  m_ReceiveShadows: 1
  m_DynamicOccludee: 1
  m_StaticShadowCaster: 0
  m_MotionVectors: 1
  m_LightProbeUsage: 1
  m_ReflectionProbeUsage: 1
  m_RayTracingMode: 2
  m_RayTraceProcedural: 0
  m_RenderingLayerMask: 257
  m_RendererPriority: 0
  m_Materials:
  - {fileID: 2100000, guid: 141ba49c6df933740a79d4b8a8f11986, type: 2}
  m_StaticBatchInfo:
    firstSubMesh: 0
    subMeshCount: 0
  m_StaticBatchRoot: {fileID: 0}
  m_ProbeAnchor: {fileID: 0}
  m_LightProbeVolumeOverride: {fileID: 0}
  m_ScaleInLightmap: 1
  m_ReceiveGI: 1
  m_PreserveUVs: 0
  m_IgnoreNormalsForChartDetection: 0
  m_ImportantGI: 0
  m_StitchLightmapSeams: 1
  m_SelectedEditorRenderState: 3
  m_MinimumChartSize: 4
  m_AutoUVMaxDistance: 0.5
  m_AutoUVMaxAngle: 89
  m_LightmapParameters: {fileID: 0}
  m_SortingLayerID: 0
  m_SortingLayer: 0
  m_SortingOrder: 0
  m_AdditionalVertexStreams: {fileID: 0}
--- !u!64 &7913038124628011951
MeshCollider:
  m_ObjectHideFlags: 0
  m_CorrespondingSourceObject: {fileID: 0}
  m_PrefabInstance: {fileID: 0}
  m_PrefabAsset: {fileID: 0}
  m_GameObject: {fileID: 5689592386696732918}
  m_Material: {fileID: 0}
  m_IsTrigger: 0
  m_Enabled: 1
  serializedVersion: 4
  m_Convex: 0
  m_CookingOptions: 30
  m_Mesh: {fileID: -6353308538309944110, guid: 8032a1de9e47bbc45b101b982705ac64, type: 3}
--- !u!1001 &8101231354913682893
PrefabInstance:
  m_ObjectHideFlags: 0
  serializedVersion: 2
  m_Modification:
    m_TransformParent: {fileID: 5025646155332270668}
    m_Modifications:
    - target: {fileID: -8679921383154817045, guid: 4365b9cd09bcfbe428a8fac26abee460,
        type: 3}
      propertyPath: m_RootOrder
      value: 0
      objectReference: {fileID: 0}
    - target: {fileID: -8679921383154817045, guid: 4365b9cd09bcfbe428a8fac26abee460,
        type: 3}
      propertyPath: m_LocalPosition.x
      value: 0.056
      objectReference: {fileID: 0}
    - target: {fileID: -8679921383154817045, guid: 4365b9cd09bcfbe428a8fac26abee460,
        type: 3}
      propertyPath: m_LocalPosition.y
      value: -0.036
      objectReference: {fileID: 0}
    - target: {fileID: -8679921383154817045, guid: 4365b9cd09bcfbe428a8fac26abee460,
        type: 3}
      propertyPath: m_LocalPosition.z
      value: 0
      objectReference: {fileID: 0}
    - target: {fileID: -8679921383154817045, guid: 4365b9cd09bcfbe428a8fac26abee460,
        type: 3}
      propertyPath: m_LocalRotation.w
      value: 1
      objectReference: {fileID: 0}
    - target: {fileID: -8679921383154817045, guid: 4365b9cd09bcfbe428a8fac26abee460,
        type: 3}
      propertyPath: m_LocalRotation.x
      value: 0
      objectReference: {fileID: 0}
    - target: {fileID: -8679921383154817045, guid: 4365b9cd09bcfbe428a8fac26abee460,
        type: 3}
      propertyPath: m_LocalRotation.y
      value: -0
      objectReference: {fileID: 0}
    - target: {fileID: -8679921383154817045, guid: 4365b9cd09bcfbe428a8fac26abee460,
        type: 3}
      propertyPath: m_LocalRotation.z
      value: -0
      objectReference: {fileID: 0}
    - target: {fileID: -8679921383154817045, guid: 4365b9cd09bcfbe428a8fac26abee460,
        type: 3}
      propertyPath: m_LocalEulerAnglesHint.x
      value: 0
      objectReference: {fileID: 0}
    - target: {fileID: -8679921383154817045, guid: 4365b9cd09bcfbe428a8fac26abee460,
        type: 3}
      propertyPath: m_LocalEulerAnglesHint.y
      value: 0
      objectReference: {fileID: 0}
    - target: {fileID: -8679921383154817045, guid: 4365b9cd09bcfbe428a8fac26abee460,
        type: 3}
      propertyPath: m_LocalEulerAnglesHint.z
      value: 0
      objectReference: {fileID: 0}
    - target: {fileID: -7511558181221131132, guid: 4365b9cd09bcfbe428a8fac26abee460,
        type: 3}
      propertyPath: m_Materials.Array.data[0]
      value: 
      objectReference: {fileID: 2100000, guid: be9c6b8aa5d50b648af9112b3c8b3ea2, type: 2}
    - target: {fileID: 919132149155446097, guid: 4365b9cd09bcfbe428a8fac26abee460,
        type: 3}
      propertyPath: m_Name
      value: ElectricHeaterGrate
      objectReference: {fileID: 0}
    m_RemovedComponents: []
  m_SourcePrefab: {fileID: 100100000, guid: 4365b9cd09bcfbe428a8fac26abee460, type: 3}
--- !u!4 &8640124565107741222 stripped
Transform:
  m_CorrespondingSourceObject: {fileID: -8679921383154817045, guid: 4365b9cd09bcfbe428a8fac26abee460,
    type: 3}
  m_PrefabInstance: {fileID: 8101231354913682893}
  m_PrefabAsset: {fileID: 0}
