%YAML 1.1
%TAG !u! tag:unity3d.com,2011:
--- !u!1 &1724473605645806
GameObject:
  m_ObjectHideFlags: 0
  m_CorrespondingSourceObject: {fileID: 0}
  m_PrefabInstance: {fileID: 0}
  m_PrefabAsset: {fileID: 0}
  serializedVersion: 6
  m_Component:
  - component: {fileID: 224676068243514672}
  - component: {fileID: 804016897162081935}
  - component: {fileID: -7077261438485301925}
  m_Layer: 5
  m_Name: MapDuctComponent
  m_TagString: MapObject
  m_Icon: {fileID: 0}
  m_NavMeshLayer: 0
  m_StaticEditorFlags: 0
  m_IsActive: 1
--- !u!224 &224676068243514672
RectTransform:
  m_ObjectHideFlags: 0
  m_CorrespondingSourceObject: {fileID: 0}
  m_PrefabInstance: {fileID: 0}
  m_PrefabAsset: {fileID: 0}
  m_GameObject: {fileID: 1724473605645806}
  m_LocalRotation: {x: 0, y: 0, z: 0, w: 1}
  m_LocalPosition: {x: 0, y: 0, z: 0}
  m_LocalScale: {x: 0, y: 0, z: 0}
  m_Children:
  - {fileID: 633200773463704051}
  m_Father: {fileID: 0}
  m_RootOrder: 0
  m_LocalEulerAnglesHint: {x: 0, y: 0, z: 0}
  m_AnchorMin: {x: 0, y: 0}
  m_AnchorMax: {x: 0, y: 0}
  m_AnchoredPosition: {x: 0, y: 0}
  m_SizeDelta: {x: 0, y: 0}
  m_Pivot: {x: 0, y: 0}
--- !u!223 &804016897162081935
Canvas:
  m_ObjectHideFlags: 0
  m_CorrespondingSourceObject: {fileID: 0}
  m_PrefabInstance: {fileID: 0}
  m_PrefabAsset: {fileID: 0}
  m_GameObject: {fileID: 1724473605645806}
  m_Enabled: 1
  serializedVersion: 3
  m_RenderMode: 0
  m_Camera: {fileID: 0}
  m_PlaneDistance: 100
  m_PixelPerfect: 0
  m_ReceivesEvents: 1
  m_OverrideSorting: 0
  m_OverridePixelPerfect: 0
  m_SortingBucketNormalizedSize: 0
  m_AdditionalShaderChannelsFlag: 0
  m_SortingLayerID: 0
  m_SortingOrder: 0
  m_TargetDisplay: 0
--- !u!114 &-7077261438485301925
MonoBehaviour:
  m_ObjectHideFlags: 0
  m_CorrespondingSourceObject: {fileID: 0}
  m_PrefabInstance: {fileID: 0}
  m_PrefabAsset: {fileID: 0}
  m_GameObject: {fileID: 1724473605645806}
  m_Enabled: 1
  m_EditorHideFlags: 0
  m_Script: {fileID: 11500000, guid: 1a242d9a6a2b8f148ae30e37aeedaf36, type: 3}
  m_Name: 
  m_EditorClassIdentifier: 
  rect: {fileID: 224676068243514672}
  button: {fileID: 0}
  rend: {fileID: 0}
  background: {fileID: 0}
  icon: {fileID: 0}
  text: {fileID: 0}
  tooltip: {fileID: 0}
  juice: {fileID: 0}
  notifications: {fileID: 0}
  parentWindow: {fileID: 0}
  tabOf: {fileID: 0}
  additionalHighlightRect: {fileID: 0}
  isOver: 0
  forceAdditionalHighlighted: 0
  additionalHighlighted: 0
  interactable: 1
  setupReferences: 0
  baseColour: {r: 1, g: 1, b: 1, a: 1}
  scrollRectAutoScroll: 1
  scrollVertical: 1
  scrollHorizontal: 0
  useAutomaticText: 0
  textDictionary: ui.interface
  textReference: 
  casing: 0
  menuMouseoverReference: 
  uninteractableTextAlpha: 0.25
  interactableTextAlpha: 1
  defaultSelectionPriority: 0
  useAdditionalHighlight: 1
  additionalHighlightPrefab: {fileID: 0}
  additionalHighlightColour: {r: 0, g: 1, b: 1, a: 1}
  additionalHighlightUninteractableColour: {r: 0.5, g: 0.5, b: 0.5, a: 1}
  additionalHighlightAtFront: 0
  additionalHighlightRectModifier: {x: 0, y: 0, z: 0, w: 0}
  nudgeOnClick: 1
  glowOnHighlight: 1
  useGenericAudioSounds: 1
  buttonType: 0
  buttonDown: {fileID: 0}
  clickPrimary: {fileID: 0}
  clickSecondary: {fileID: 0}
  rightClick: {fileID: 0}
  floor: {fileID: 0}
  range: {x: 0, y: 0}
  generatedImage: {fileID: 5940586950026069043}
  tex: {fileID: 0}
--- !u!1 &4893180979172713717
GameObject:
  m_ObjectHideFlags: 0
  m_CorrespondingSourceObject: {fileID: 0}
  m_PrefabInstance: {fileID: 0}
  m_PrefabAsset: {fileID: 0}
  serializedVersion: 6
  m_Component:
  - component: {fileID: 633200773463704051}
  - component: {fileID: 2752999083365038123}
  - component: {fileID: 5940586950026069043}
  m_Layer: 5
  m_Name: GeneratedImage
  m_TagString: Untagged
  m_Icon: {fileID: 0}
  m_NavMeshLayer: 0
  m_StaticEditorFlags: 0
  m_IsActive: 1
--- !u!224 &633200773463704051
RectTransform:
  m_ObjectHideFlags: 0
  m_CorrespondingSourceObject: {fileID: 0}
  m_PrefabInstance: {fileID: 0}
  m_PrefabAsset: {fileID: 0}
  m_GameObject: {fileID: 4893180979172713717}
  m_LocalRotation: {x: 0, y: 0, z: 0, w: 1}
  m_LocalPosition: {x: 0, y: 0, z: 0}
  m_LocalScale: {x: 1, y: 1, z: 1}
  m_Children: []
  m_Father: {fileID: 224676068243514672}
  m_RootOrder: 0
  m_LocalEulerAnglesHint: {x: 0, y: 0, z: 0}
  m_AnchorMin: {x: 0.5, y: 0.5}
  m_AnchorMax: {x: 0.5, y: 0.5}
  m_AnchoredPosition: {x: 0, y: 0}
  m_SizeDelta: {x: 100, y: 100}
  m_Pivot: {x: 0.5, y: 0.5}
--- !u!222 &2752999083365038123
CanvasRenderer:
  m_ObjectHideFlags: 0
  m_CorrespondingSourceObject: {fileID: 0}
  m_PrefabInstance: {fileID: 0}
  m_PrefabAsset: {fileID: 0}
  m_GameObject: {fileID: 4893180979172713717}
  m_CullTransparentMesh: 0
--- !u!114 &5940586950026069043
MonoBehaviour:
  m_ObjectHideFlags: 0
  m_CorrespondingSourceObject: {fileID: 0}
  m_PrefabInstance: {fileID: 0}
  m_PrefabAsset: {fileID: 0}
  m_GameObject: {fileID: 4893180979172713717}
  m_Enabled: 1
  m_EditorHideFlags: 0
  m_Script: {fileID: 11500000, guid: fe87c0e1cc204ed48ad3b37840f39efc, type: 3}
  m_Name: 
  m_EditorClassIdentifier: 
  m_Material: {fileID: 0}
  m_Color: {r: 1, g: 1, b: 1, a: 1}
  m_RaycastTarget: 1
  m_RaycastPadding: {x: 0, y: 0, z: 0, w: 0}
  m_Maskable: 1
  m_OnCullStateChanged:
    m_PersistentCalls:
      m_Calls: []
  m_Sprite: {fileID: 0}
  m_Type: 0
  m_PreserveAspect: 0
  m_FillCenter: 1
  m_FillMethod: 4
  m_FillAmount: 1
  m_FillClockwise: 1
  m_FillOrigin: 0
  m_UseSpriteMesh: 0
  m_PixelsPerUnitMultiplier: 1
