%YAML 1.1
%TAG !u! tag:unity3d.com,2011:
--- !u!1 &870109602949266488
GameObject:
  m_ObjectHideFlags: 0
  m_CorrespondingSourceObject: {fileID: 0}
  m_PrefabInstance: {fileID: 0}
  m_PrefabAsset: {fileID: 0}
  serializedVersion: 6
  m_Component:
  - component: {fileID: 7805569448594400400}
  m_Layer: 0
  m_Name: Drawer Container 2
  m_TagString: Untagged
  m_Icon: {fileID: 0}
  m_NavMeshLayer: 0
  m_StaticEditorFlags: 0
  m_IsActive: 1
--- !u!4 &7805569448594400400
Transform:
  m_ObjectHideFlags: 0
  m_CorrespondingSourceObject: {fileID: 0}
  m_PrefabInstance: {fileID: 0}
  m_PrefabAsset: {fileID: 0}
  m_GameObject: {fileID: 870109602949266488}
  m_LocalRotation: {x: 0, y: 0, z: 0, w: 1}
  m_LocalPosition: {x: -0.0002, y: 0.501, z: 0.3496}
  m_LocalScale: {x: 0.99, y: 1, z: 0.99}
  m_Children:
  - {fileID: 2761188532921463131}
  m_Father: {fileID: 6124165930247963644}
  m_RootOrder: 1
  m_LocalEulerAnglesHint: {x: 0, y: 0, z: 0}
--- !u!114 &6122618831906094985
MonoBehaviour:
  m_ObjectHideFlags: 0
  m_CorrespondingSourceObject: {fileID: 0}
  m_PrefabInstance: {fileID: 0}
  m_PrefabAsset: {fileID: 0}
  m_GameObject: {fileID: 3250023312614108129}
  m_Enabled: 1
  m_EditorHideFlags: 0
  m_Script: {fileID: 11500000, guid: 8c757c2ef43eeba4aac268219dc0f5ed, type: 3}
  m_Name: 
  m_EditorClassIdentifier: 
  door: {fileID: 2761188532921463131}
  closedLocalPos: {x: 0, y: 0, z: 0}
  openLocalPos: {x: 0, y: 0, z: 0}
  closedLocalEuler: {x: 0, y: 0, z: 0}
  openLocalEuler: {x: 0, y: 0, z: 0}
  closedLocalScale: {x: 0, y: 0, z: 0}
  openLocalScale: {x: 0, y: 0, z: 0}
  desiredPos: {x: 0, y: 0, z: 0}
  desiredEuler: {x: 0, y: 0, z: 0}
  desiredScale: {x: 0, y: 0, z: 0}
  preset: {fileID: 11400000, guid: ae4f4d115feba834ebe12826778ec30b, type: 2}
  desiredTransition: 0
  currentTransition: 0
  isOpen: 0
  interacting: {fileID: 0}
  isAnimating: 0
  isSetup: 0
  isOpening: 0
  isClosing: 0
  updateLoopingParams: 0
  removePlayerCollisionsWhileAnimating: 0
--- !u!114 &6564487877118298646
MonoBehaviour:
  m_ObjectHideFlags: 0
  m_CorrespondingSourceObject: {fileID: 0}
  m_PrefabInstance: {fileID: 0}
  m_PrefabAsset: {fileID: 0}
  m_GameObject: {fileID: 3250023312614108129}
  m_Enabled: 1
  m_EditorHideFlags: 0
  m_Script: {fileID: 11500000, guid: ff412bc5692e0224e8f0e6696be8fc6d, type: 3}
  m_Name: 
  m_EditorClassIdentifier: 
  id: 1
  meshes:
  - {fileID: 3898598353305700916}
  lod: {fileID: 0}
  rb: {fileID: 0}
  coll: {fileID: 1026779919584731320}
  altColl: {fileID: 0}
  flash: {fileID: 0}
  doorMovement: {fileID: 6122618831906094985}
  secondaryDoorMovement: {fileID: 0}
  thirdDoorMovement: {fileID: 0}
  lightController: {fileID: 0}
  steam: {fileID: 0}
  computer: {fileID: 0}
  securitySystem: {fileID: 0}
  fileSystem: {fileID: 0}
  decalProjector: {fileID: 0}
  pages: []
  partSystem: {fileID: 0}
  lockParentOverride: {fileID: 0}
  lockedInTransformOffset: {x: 0, y: 0, z: 0}
  enableSwitchSync: 0
  switchSyncObjects: []
  isVisible: 1
  isCarriedByPlayer: 0
  carryProgress: 0
  physicsOn: 0
  minimumPhysicsTime: 0
  damageEligable: 0
  wasTrigger: 0
  thrownBy: {fileID: 0}
  lookAtTarget: {fileID: 0}
  interactionWindow: {fileID: 0}
  isDoor: {fileID: 0}
  isActor: {fileID: 0}
  belongsTo: {fileID: 0}
  isPhone: 0
  phoneReciever: {fileID: 0}
  particleSystemDistance: 20
  debugInteractable: []
  debugAngle: 0
  debugFurnitureAnchorNodePos: {x: 0, y: 0, z: 0}
  debugLocalPos: {x: 0, y: 0, z: 0}
  debugLocalEuler: {x: 0, y: 0, z: 0}
  debugWorldPos: {x: 0, y: 0, z: 0}
  debugInteractablePredictedWorldPos: {x: 0, y: 0, z: 0}
  debugNodeCoord: {x: 0, y: 0, z: 0}
  debugUsagePoint:
    useSetting:
      usageOffset: {x: 0, y: 0, z: 0.35}
      facingOffset: {x: 0, y: 0, z: 0}
      useNodeFloorPosition: 1
      useDoorBehaviour: 0
      useSittingOffset: 0
      useArmsStandingOffset: 0
    useageWorldPosition: {x: 0, y: 0, z: 0}
    worldLookAtPoint: {x: 0, y: 0, z: 0}
    debugDefaultSlot: {fileID: 0}
    debugSlot1: {fileID: 0}
    debugSlot2: {fileID: 0}
    slotLog: []
  debugOwnedBy: {fileID: 0}
  debugWrittenBy: {fileID: 0}
  debugReceivedBy: {fileID: 0}
  debugFurnitureOwnedBy: []
  debugSwitchState: 0
  debugState1: 0
  debugRoom: {fileID: 0}
  debugVent:
    ventID: 0
    ventType: 0
    room: {fileID: 0}
    group: {fileID: 0}
    mapButton: {fileID: 0}
    discovered: 0
    removed: 0
    spawned: {fileID: 0}
    debugNode: {x: 0, y: 0, z: 0}
    debugRoomNode: {x: 0, y: 0, z: 0}
  willBeSavedWithCity: 0
  willBeSavedWithState: 0
  isMainLight: 0
--- !u!1 &3413341921701813715
GameObject:
  m_ObjectHideFlags: 0
  m_CorrespondingSourceObject: {fileID: 0}
  m_PrefabInstance: {fileID: 0}
  m_PrefabAsset: {fileID: 0}
  serializedVersion: 6
  m_Component:
  - component: {fileID: 7788604606972980616}
  m_Layer: 0
  m_Name: Drawer Container 4
  m_TagString: Untagged
  m_Icon: {fileID: 0}
  m_NavMeshLayer: 0
  m_StaticEditorFlags: 0
  m_IsActive: 1
--- !u!4 &7788604606972980616
Transform:
  m_ObjectHideFlags: 0
  m_CorrespondingSourceObject: {fileID: 0}
  m_PrefabInstance: {fileID: 0}
  m_PrefabAsset: {fileID: 0}
  m_GameObject: {fileID: 3413341921701813715}
  m_LocalRotation: {x: 0, y: 0, z: 0, w: 1}
  m_LocalPosition: {x: -0.00019818544, y: 0.901, z: 0.34959912}
  m_LocalScale: {x: 0.99, y: 1, z: 0.99}
  m_Children:
  - {fileID: 7112672586931678239}
  m_Father: {fileID: 6124165930247963644}
  m_RootOrder: 3
  m_LocalEulerAnglesHint: {x: 0, y: 0, z: 0}
--- !u!1 &3730781818185712965
GameObject:
  m_ObjectHideFlags: 0
  m_CorrespondingSourceObject: {fileID: 0}
  m_PrefabInstance: {fileID: 0}
  m_PrefabAsset: {fileID: 0}
  serializedVersion: 6
  m_Component:
  - component: {fileID: 1534878122863089843}
  m_Layer: 0
  m_Name: Drawer Container 1
  m_TagString: Untagged
  m_Icon: {fileID: 0}
  m_NavMeshLayer: 0
  m_StaticEditorFlags: 0
  m_IsActive: 1
--- !u!4 &1534878122863089843
Transform:
  m_ObjectHideFlags: 0
  m_CorrespondingSourceObject: {fileID: 0}
  m_PrefabInstance: {fileID: 0}
  m_PrefabAsset: {fileID: 0}
  m_GameObject: {fileID: 3730781818185712965}
  m_LocalRotation: {x: 0, y: 0, z: 0, w: 1}
  m_LocalPosition: {x: -0.00019818544, y: 0.201, z: 0.34959912}
  m_LocalScale: {x: 0.99, y: 0.99, z: 0.99}
  m_Children:
  - {fileID: 3477071040557123223}
  m_Father: {fileID: 6124165930247963644}
  m_RootOrder: 0
  m_LocalEulerAnglesHint: {x: 0, y: 0, z: 0}
--- !u!114 &3140143530043523686
MonoBehaviour:
  m_ObjectHideFlags: 0
  m_CorrespondingSourceObject: {fileID: 0}
  m_PrefabInstance: {fileID: 0}
  m_PrefabAsset: {fileID: 0}
  m_GameObject: {fileID: 4254451516540509229}
  m_Enabled: 1
  m_EditorHideFlags: 0
  m_Script: {fileID: 11500000, guid: 8c757c2ef43eeba4aac268219dc0f5ed, type: 3}
  m_Name: 
  m_EditorClassIdentifier: 
  door: {fileID: 3477071040557123223}
  closedLocalPos: {x: 0, y: 0, z: 0}
  openLocalPos: {x: 0, y: 0, z: 0}
  closedLocalEuler: {x: 0, y: 0, z: 0}
  openLocalEuler: {x: 0, y: 0, z: 0}
  closedLocalScale: {x: 0, y: 0, z: 0}
  openLocalScale: {x: 0, y: 0, z: 0}
  desiredPos: {x: 0, y: 0, z: 0}
  desiredEuler: {x: 0, y: 0, z: 0}
  desiredScale: {x: 0, y: 0, z: 0}
  preset: {fileID: 11400000, guid: ae4f4d115feba834ebe12826778ec30b, type: 2}
  desiredTransition: 0
  currentTransition: 0
  isOpen: 0
  interacting: {fileID: 0}
  isAnimating: 0
  isSetup: 0
  isOpening: 0
  isClosing: 0
  updateLoopingParams: 0
  removePlayerCollisionsWhileAnimating: 0
--- !u!114 &5057861385299845007
MonoBehaviour:
  m_ObjectHideFlags: 0
  m_CorrespondingSourceObject: {fileID: 0}
  m_PrefabInstance: {fileID: 0}
  m_PrefabAsset: {fileID: 0}
  m_GameObject: {fileID: 4254451516540509229}
  m_Enabled: 1
  m_EditorHideFlags: 0
  m_Script: {fileID: 11500000, guid: ff412bc5692e0224e8f0e6696be8fc6d, type: 3}
  m_Name: 
  m_EditorClassIdentifier: 
  id: 0
  meshes:
  - {fileID: 2308698908176121336}
  lod: {fileID: 0}
  rb: {fileID: 0}
  coll: {fileID: 1742722642911483764}
  altColl: {fileID: 0}
  flash: {fileID: 0}
  doorMovement: {fileID: 3140143530043523686}
  secondaryDoorMovement: {fileID: 0}
  thirdDoorMovement: {fileID: 0}
  lightController: {fileID: 0}
  steam: {fileID: 0}
  computer: {fileID: 0}
  securitySystem: {fileID: 0}
  fileSystem: {fileID: 0}
  decalProjector: {fileID: 0}
  pages: []
  partSystem: {fileID: 0}
  lockParentOverride: {fileID: 0}
  lockedInTransformOffset: {x: 0, y: 0, z: 0}
  enableSwitchSync: 0
  switchSyncObjects: []
  isVisible: 1
  isCarriedByPlayer: 0
  carryProgress: 0
  physicsOn: 0
  minimumPhysicsTime: 0
  damageEligable: 0
  wasTrigger: 0
  thrownBy: {fileID: 0}
  lookAtTarget: {fileID: 0}
  interactionWindow: {fileID: 0}
  isDoor: {fileID: 0}
  isActor: {fileID: 0}
  belongsTo: {fileID: 0}
  isPhone: 0
  phoneReciever: {fileID: 0}
  particleSystemDistance: 20
  debugInteractable: []
  debugAngle: 0
  debugFurnitureAnchorNodePos: {x: 0, y: 0, z: 0}
  debugLocalPos: {x: 0, y: 0, z: 0}
  debugLocalEuler: {x: 0, y: 0, z: 0}
  debugWorldPos: {x: 0, y: 0, z: 0}
  debugInteractablePredictedWorldPos: {x: 0, y: 0, z: 0}
  debugNodeCoord: {x: 0, y: 0, z: 0}
  debugUsagePoint:
    useSetting:
      usageOffset: {x: 0, y: 0, z: 0.35}
      facingOffset: {x: 0, y: 0, z: 0}
      useNodeFloorPosition: 1
      useDoorBehaviour: 0
      useSittingOffset: 0
      useArmsStandingOffset: 0
    useageWorldPosition: {x: 0, y: 0, z: 0}
    worldLookAtPoint: {x: 0, y: 0, z: 0}
    debugDefaultSlot: {fileID: 0}
    debugSlot1: {fileID: 0}
    debugSlot2: {fileID: 0}
    slotLog: []
  debugOwnedBy: {fileID: 0}
  debugWrittenBy: {fileID: 0}
  debugReceivedBy: {fileID: 0}
  debugFurnitureOwnedBy: []
  debugSwitchState: 0
  debugState1: 0
  debugRoom: {fileID: 0}
  debugVent:
    ventID: 0
    ventType: 0
    room: {fileID: 0}
    group: {fileID: 0}
    mapButton: {fileID: 0}
    discovered: 0
    removed: 0
    spawned: {fileID: 0}
    debugNode: {x: 0, y: 0, z: 0}
    debugRoomNode: {x: 0, y: 0, z: 0}
  willBeSavedWithCity: 0
  willBeSavedWithState: 0
  isMainLight: 0
--- !u!114 &878060276498990730
MonoBehaviour:
  m_ObjectHideFlags: 0
  m_CorrespondingSourceObject: {fileID: 0}
  m_PrefabInstance: {fileID: 0}
  m_PrefabAsset: {fileID: 0}
  m_GameObject: {fileID: 5112129246791807181}
  m_Enabled: 1
  m_EditorHideFlags: 0
  m_Script: {fileID: 11500000, guid: ff412bc5692e0224e8f0e6696be8fc6d, type: 3}
  m_Name: 
  m_EditorClassIdentifier: 
  id: 2
  meshes:
  - {fileID: 6769211535354401048}
  lod: {fileID: 0}
  rb: {fileID: 0}
  coll: {fileID: 7337580302437006228}
  altColl: {fileID: 0}
  flash: {fileID: 0}
  doorMovement: {fileID: 6733526793313016439}
  secondaryDoorMovement: {fileID: 0}
  thirdDoorMovement: {fileID: 0}
  lightController: {fileID: 0}
  steam: {fileID: 0}
  computer: {fileID: 0}
  securitySystem: {fileID: 0}
  fileSystem: {fileID: 0}
  decalProjector: {fileID: 0}
  pages: []
  partSystem: {fileID: 0}
  lockParentOverride: {fileID: 0}
  lockedInTransformOffset: {x: 0, y: 0, z: 0}
  enableSwitchSync: 0
  switchSyncObjects: []
  isVisible: 1
  isCarriedByPlayer: 0
  carryProgress: 0
  physicsOn: 0
  minimumPhysicsTime: 0
  damageEligable: 0
  wasTrigger: 0
  thrownBy: {fileID: 0}
  lookAtTarget: {fileID: 0}
  interactionWindow: {fileID: 0}
  isDoor: {fileID: 0}
  isActor: {fileID: 0}
  belongsTo: {fileID: 0}
  isPhone: 0
  phoneReciever: {fileID: 0}
  particleSystemDistance: 20
  debugInteractable: []
  debugAngle: 0
  debugFurnitureAnchorNodePos: {x: 0, y: 0, z: 0}
  debugLocalPos: {x: 0, y: 0, z: 0}
  debugLocalEuler: {x: 0, y: 0, z: 0}
  debugWorldPos: {x: 0, y: 0, z: 0}
  debugInteractablePredictedWorldPos: {x: 0, y: 0, z: 0}
  debugNodeCoord: {x: 0, y: 0, z: 0}
  debugUsagePoint:
    useSetting:
      usageOffset: {x: 0, y: 0, z: 0.35}
      facingOffset: {x: 0, y: 0, z: 0}
      useNodeFloorPosition: 1
      useDoorBehaviour: 0
      useSittingOffset: 0
      useArmsStandingOffset: 0
    useageWorldPosition: {x: 0, y: 0, z: 0}
    worldLookAtPoint: {x: 0, y: 0, z: 0}
    debugDefaultSlot: {fileID: 0}
    debugSlot1: {fileID: 0}
    debugSlot2: {fileID: 0}
    slotLog: []
  debugOwnedBy: {fileID: 0}
  debugWrittenBy: {fileID: 0}
  debugReceivedBy: {fileID: 0}
  debugFurnitureOwnedBy: []
  debugSwitchState: 0
  debugState1: 0
  debugRoom: {fileID: 0}
  debugVent:
    ventID: 0
    ventType: 0
    room: {fileID: 0}
    group: {fileID: 0}
    mapButton: {fileID: 0}
    discovered: 0
    removed: 0
    spawned: {fileID: 0}
    debugNode: {x: 0, y: 0, z: 0}
    debugRoomNode: {x: 0, y: 0, z: 0}
  willBeSavedWithCity: 0
  willBeSavedWithState: 0
  isMainLight: 0
--- !u!114 &6733526793313016439
MonoBehaviour:
  m_ObjectHideFlags: 0
  m_CorrespondingSourceObject: {fileID: 0}
  m_PrefabInstance: {fileID: 0}
  m_PrefabAsset: {fileID: 0}
  m_GameObject: {fileID: 5112129246791807181}
  m_Enabled: 1
  m_EditorHideFlags: 0
  m_Script: {fileID: 11500000, guid: 8c757c2ef43eeba4aac268219dc0f5ed, type: 3}
  m_Name: 
  m_EditorClassIdentifier: 
  door: {fileID: 5600858194262452855}
  closedLocalPos: {x: 0, y: 0, z: 0}
  openLocalPos: {x: 0, y: 0, z: 0}
  closedLocalEuler: {x: 0, y: 0, z: 0}
  openLocalEuler: {x: 0, y: 0, z: 0}
  closedLocalScale: {x: 0, y: 0, z: 0}
  openLocalScale: {x: 0, y: 0, z: 0}
  desiredPos: {x: 0, y: 0, z: 0}
  desiredEuler: {x: 0, y: 0, z: 0}
  desiredScale: {x: 0, y: 0, z: 0}
  preset: {fileID: 11400000, guid: ae4f4d115feba834ebe12826778ec30b, type: 2}
  desiredTransition: 0
  currentTransition: 0
  isOpen: 0
  interacting: {fileID: 0}
  isAnimating: 0
  isSetup: 0
  isOpening: 0
  isClosing: 0
  updateLoopingParams: 0
  removePlayerCollisionsWhileAnimating: 0
--- !u!1 &6896903134317812038
GameObject:
  m_ObjectHideFlags: 0
  m_CorrespondingSourceObject: {fileID: 0}
  m_PrefabInstance: {fileID: 0}
  m_PrefabAsset: {fileID: 0}
  serializedVersion: 6
  m_Component:
  - component: {fileID: 6124165930247963644}
  - component: {fileID: 7156980541759540313}
  - component: {fileID: 4951220345024886931}
  - component: {fileID: 8976523729354527263}
  m_Layer: 0
  m_Name: MedicineCart
  m_TagString: Untagged
  m_Icon: {fileID: 0}
  m_NavMeshLayer: 0
  m_StaticEditorFlags: 0
  m_IsActive: 1
--- !u!4 &6124165930247963644
Transform:
  m_ObjectHideFlags: 0
  m_CorrespondingSourceObject: {fileID: 0}
  m_PrefabInstance: {fileID: 0}
  m_PrefabAsset: {fileID: 0}
  m_GameObject: {fileID: 6896903134317812038}
  m_LocalRotation: {x: -0, y: -0, z: -0, w: 1}
  m_LocalPosition: {x: 1.6129532, y: -0.009998063, z: -3.2284708}
  m_LocalScale: {x: 1, y: 1, z: 1}
  m_Children:
  - {fileID: 1534878122863089843}
  - {fileID: 7805569448594400400}
  - {fileID: 6681999148701797307}
  - {fileID: 7788604606972980616}
  m_Father: {fileID: 0}
  m_RootOrder: 0
  m_LocalEulerAnglesHint: {x: 0, y: 0, z: 0}
--- !u!33 &7156980541759540313
MeshFilter:
  m_ObjectHideFlags: 0
  m_CorrespondingSourceObject: {fileID: 0}
  m_PrefabInstance: {fileID: 0}
  m_PrefabAsset: {fileID: 0}
  m_GameObject: {fileID: 6896903134317812038}
  m_Mesh: {fileID: -1036413932768615192, guid: cf6cd4d2f328e084a96b0c47221db3d8, type: 3}
--- !u!23 &4951220345024886931
MeshRenderer:
  m_ObjectHideFlags: 0
  m_CorrespondingSourceObject: {fileID: 0}
  m_PrefabInstance: {fileID: 0}
  m_PrefabAsset: {fileID: 0}
  m_GameObject: {fileID: 6896903134317812038}
  m_Enabled: 1
  m_CastShadows: 1
  m_ReceiveShadows: 1
  m_DynamicOccludee: 1
  m_StaticShadowCaster: 0
  m_MotionVectors: 1
  m_LightProbeUsage: 1
  m_ReflectionProbeUsage: 1
  m_RayTracingMode: 2
  m_RayTraceProcedural: 0
  m_RenderingLayerMask: 257
  m_RendererPriority: 0
  m_Materials:
  - {fileID: 2100000, guid: efbef6d2116127b4289b8a17a282ac18, type: 2}
  m_StaticBatchInfo:
    firstSubMesh: 0
    subMeshCount: 0
  m_StaticBatchRoot: {fileID: 0}
  m_ProbeAnchor: {fileID: 0}
  m_LightProbeVolumeOverride: {fileID: 0}
  m_ScaleInLightmap: 1
  m_ReceiveGI: 1
  m_PreserveUVs: 0
  m_IgnoreNormalsForChartDetection: 0
  m_ImportantGI: 0
  m_StitchLightmapSeams: 1
  m_SelectedEditorRenderState: 3
  m_MinimumChartSize: 4
  m_AutoUVMaxDistance: 0.5
  m_AutoUVMaxAngle: 89
  m_LightmapParameters: {fileID: 0}
  m_SortingLayerID: 0
  m_SortingLayer: 0
  m_SortingOrder: 0
  m_AdditionalVertexStreams: {fileID: 0}
--- !u!64 &8976523729354527263
MeshCollider:
  m_ObjectHideFlags: 0
  m_CorrespondingSourceObject: {fileID: 0}
  m_PrefabInstance: {fileID: 0}
  m_PrefabAsset: {fileID: 0}
  m_GameObject: {fileID: 6896903134317812038}
  m_Material: {fileID: 0}
  m_IsTrigger: 0
  m_Enabled: 1
  serializedVersion: 4
  m_Convex: 0
  m_CookingOptions: 30
  m_Mesh: {fileID: -1036413932768615192, guid: cf6cd4d2f328e084a96b0c47221db3d8, type: 3}
--- !u!114 &934288335462894193
MonoBehaviour:
  m_ObjectHideFlags: 0
  m_CorrespondingSourceObject: {fileID: 0}
  m_PrefabInstance: {fileID: 0}
  m_PrefabAsset: {fileID: 0}
  m_GameObject: {fileID: 7637712047652271781}
  m_Enabled: 1
  m_EditorHideFlags: 0
  m_Script: {fileID: 11500000, guid: 8c757c2ef43eeba4aac268219dc0f5ed, type: 3}
  m_Name: 
  m_EditorClassIdentifier: 
  door: {fileID: 7112672586931678239}
  closedLocalPos: {x: 0, y: 0, z: 0}
  openLocalPos: {x: 0, y: 0, z: 0}
  closedLocalEuler: {x: 0, y: 0, z: 0}
  openLocalEuler: {x: 0, y: 0, z: 0}
  closedLocalScale: {x: 0, y: 0, z: 0}
  openLocalScale: {x: 0, y: 0, z: 0}
  desiredPos: {x: 0, y: 0, z: 0}
  desiredEuler: {x: 0, y: 0, z: 0}
  desiredScale: {x: 0, y: 0, z: 0}
  preset: {fileID: 11400000, guid: ae4f4d115feba834ebe12826778ec30b, type: 2}
  desiredTransition: 0
  currentTransition: 0
  isOpen: 0
  interacting: {fileID: 0}
  isAnimating: 0
  isSetup: 0
  isOpening: 0
  isClosing: 0
  updateLoopingParams: 0
  removePlayerCollisionsWhileAnimating: 0
--- !u!114 &1450064244271512618
MonoBehaviour:
  m_ObjectHideFlags: 0
  m_CorrespondingSourceObject: {fileID: 0}
  m_PrefabInstance: {fileID: 0}
  m_PrefabAsset: {fileID: 0}
  m_GameObject: {fileID: 7637712047652271781}
  m_Enabled: 1
  m_EditorHideFlags: 0
  m_Script: {fileID: 11500000, guid: ff412bc5692e0224e8f0e6696be8fc6d, type: 3}
  m_Name: 
  m_EditorClassIdentifier: 
  id: 3
  meshes:
  - {fileID: 8286173425926887280}
  lod: {fileID: 0}
  rb: {fileID: 0}
  coll: {fileID: 5393947560291925500}
  altColl: {fileID: 0}
  flash: {fileID: 0}
  doorMovement: {fileID: 934288335462894193}
  secondaryDoorMovement: {fileID: 0}
  thirdDoorMovement: {fileID: 0}
  lightController: {fileID: 0}
  steam: {fileID: 0}
  computer: {fileID: 0}
  securitySystem: {fileID: 0}
  fileSystem: {fileID: 0}
  decalProjector: {fileID: 0}
  pages: []
  partSystem: {fileID: 0}
  lockParentOverride: {fileID: 0}
  lockedInTransformOffset: {x: 0, y: 0, z: 0}
  enableSwitchSync: 0
  switchSyncObjects: []
  isVisible: 1
  isCarriedByPlayer: 0
  carryProgress: 0
  physicsOn: 0
  minimumPhysicsTime: 0
  damageEligable: 0
  wasTrigger: 0
  thrownBy: {fileID: 0}
  lookAtTarget: {fileID: 0}
  interactionWindow: {fileID: 0}
  isDoor: {fileID: 0}
  isActor: {fileID: 0}
  belongsTo: {fileID: 0}
  isPhone: 0
  phoneReciever: {fileID: 0}
  particleSystemDistance: 20
  debugInteractable: []
  debugAngle: 0
  debugFurnitureAnchorNodePos: {x: 0, y: 0, z: 0}
  debugLocalPos: {x: 0, y: 0, z: 0}
  debugLocalEuler: {x: 0, y: 0, z: 0}
  debugWorldPos: {x: 0, y: 0, z: 0}
  debugInteractablePredictedWorldPos: {x: 0, y: 0, z: 0}
  debugNodeCoord: {x: 0, y: 0, z: 0}
  debugUsagePoint:
    useSetting:
      usageOffset: {x: 0, y: 0, z: 0.35}
      facingOffset: {x: 0, y: 0, z: 0}
      useNodeFloorPosition: 1
      useDoorBehaviour: 0
      useSittingOffset: 0
      useArmsStandingOffset: 0
    useageWorldPosition: {x: 0, y: 0, z: 0}
    worldLookAtPoint: {x: 0, y: 0, z: 0}
    debugDefaultSlot: {fileID: 0}
    debugSlot1: {fileID: 0}
    debugSlot2: {fileID: 0}
    slotLog: []
  debugOwnedBy: {fileID: 0}
  debugWrittenBy: {fileID: 0}
  debugReceivedBy: {fileID: 0}
  debugFurnitureOwnedBy: []
  debugSwitchState: 0
  debugState1: 0
  debugRoom: {fileID: 0}
  debugVent:
    ventID: 0
    ventType: 0
    room: {fileID: 0}
    group: {fileID: 0}
    mapButton: {fileID: 0}
    discovered: 0
    removed: 0
    spawned: {fileID: 0}
    debugNode: {x: 0, y: 0, z: 0}
    debugRoomNode: {x: 0, y: 0, z: 0}
  willBeSavedWithCity: 0
  willBeSavedWithState: 0
  isMainLight: 0
--- !u!1 &7789512195459281341
GameObject:
  m_ObjectHideFlags: 0
  m_CorrespondingSourceObject: {fileID: 0}
  m_PrefabInstance: {fileID: 0}
  m_PrefabAsset: {fileID: 0}
  serializedVersion: 6
  m_Component:
  - component: {fileID: 6681999148701797307}
  m_Layer: 0
  m_Name: Drawer Container 3
  m_TagString: Untagged
  m_Icon: {fileID: 0}
  m_NavMeshLayer: 0
  m_StaticEditorFlags: 0
  m_IsActive: 1
--- !u!4 &6681999148701797307
Transform:
  m_ObjectHideFlags: 0
  m_CorrespondingSourceObject: {fileID: 0}
  m_PrefabInstance: {fileID: 0}
  m_PrefabAsset: {fileID: 0}
  m_GameObject: {fileID: 7789512195459281341}
  m_LocalRotation: {x: 0, y: 0, z: 0, w: 1}
  m_LocalPosition: {x: -0.00019818544, y: 0.701, z: 0.34959912}
  m_LocalScale: {x: 0.99, y: 1, z: 0.99}
  m_Children:
  - {fileID: 5600858194262452855}
  m_Father: {fileID: 6124165930247963644}
  m_RootOrder: 2
  m_LocalEulerAnglesHint: {x: 0, y: 0, z: 0}
--- !u!1001 &2439560296752682672
PrefabInstance:
  m_ObjectHideFlags: 0
  serializedVersion: 2
  m_Modification:
    m_TransformParent: {fileID: 7805569448594400400}
    m_Modifications:
    - target: {fileID: -8679921383154817045, guid: 2cf376e17e68e5040a6e75fde164ec6b,
        type: 3}
      propertyPath: m_RootOrder
      value: 0
      objectReference: {fileID: 0}
    - target: {fileID: -8679921383154817045, guid: 2cf376e17e68e5040a6e75fde164ec6b,
        type: 3}
      propertyPath: m_LocalPosition.x
      value: 0
      objectReference: {fileID: 0}
    - target: {fileID: -8679921383154817045, guid: 2cf376e17e68e5040a6e75fde164ec6b,
        type: 3}
      propertyPath: m_LocalPosition.y
      value: 0
      objectReference: {fileID: 0}
    - target: {fileID: -8679921383154817045, guid: 2cf376e17e68e5040a6e75fde164ec6b,
        type: 3}
      propertyPath: m_LocalPosition.z
      value: 0
      objectReference: {fileID: 0}
    - target: {fileID: -8679921383154817045, guid: 2cf376e17e68e5040a6e75fde164ec6b,
        type: 3}
      propertyPath: m_LocalRotation.w
      value: 1
      objectReference: {fileID: 0}
    - target: {fileID: -8679921383154817045, guid: 2cf376e17e68e5040a6e75fde164ec6b,
        type: 3}
      propertyPath: m_LocalRotation.x
      value: -0
      objectReference: {fileID: 0}
    - target: {fileID: -8679921383154817045, guid: 2cf376e17e68e5040a6e75fde164ec6b,
        type: 3}
      propertyPath: m_LocalRotation.y
      value: -0
      objectReference: {fileID: 0}
    - target: {fileID: -8679921383154817045, guid: 2cf376e17e68e5040a6e75fde164ec6b,
        type: 3}
      propertyPath: m_LocalRotation.z
      value: -0
      objectReference: {fileID: 0}
    - target: {fileID: -8679921383154817045, guid: 2cf376e17e68e5040a6e75fde164ec6b,
        type: 3}
      propertyPath: m_LocalEulerAnglesHint.x
      value: 0
      objectReference: {fileID: 0}
    - target: {fileID: -8679921383154817045, guid: 2cf376e17e68e5040a6e75fde164ec6b,
        type: 3}
      propertyPath: m_LocalEulerAnglesHint.y
      value: 0
      objectReference: {fileID: 0}
    - target: {fileID: -8679921383154817045, guid: 2cf376e17e68e5040a6e75fde164ec6b,
        type: 3}
      propertyPath: m_LocalEulerAnglesHint.z
      value: 0
      objectReference: {fileID: 0}
    - target: {fileID: -7511558181221131132, guid: 2cf376e17e68e5040a6e75fde164ec6b,
        type: 3}
      propertyPath: m_Materials.Array.data[0]
      value: 
      objectReference: {fileID: 2100000, guid: ca32a70de5fbddf4d907d9d5277fea2b, type: 2}
    - target: {fileID: 919132149155446097, guid: 2cf376e17e68e5040a6e75fde164ec6b,
        type: 3}
      propertyPath: m_Name
      value: MedicineCartTray
      objectReference: {fileID: 0}
    m_RemovedComponents: []
  m_SourcePrefab: {fileID: 100100000, guid: 2cf376e17e68e5040a6e75fde164ec6b, type: 3}
--- !u!64 &1026779919584731320 stripped
MeshCollider:
  m_CorrespondingSourceObject: {fileID: 3451118302482216456, guid: 2cf376e17e68e5040a6e75fde164ec6b,
    type: 3}
  m_PrefabInstance: {fileID: 2439560296752682672}
  m_PrefabAsset: {fileID: 0}
--- !u!23 &3898598353305700916 stripped
MeshRenderer:
  m_CorrespondingSourceObject: {fileID: -7511558181221131132, guid: 2cf376e17e68e5040a6e75fde164ec6b,
    type: 3}
  m_PrefabInstance: {fileID: 2439560296752682672}
  m_PrefabAsset: {fileID: 0}
--- !u!4 &2761188532921463131 stripped
Transform:
  m_CorrespondingSourceObject: {fileID: -8679921383154817045, guid: 2cf376e17e68e5040a6e75fde164ec6b,
    type: 3}
  m_PrefabInstance: {fileID: 2439560296752682672}
  m_PrefabAsset: {fileID: 0}
--- !u!1 &3250023312614108129 stripped
GameObject:
  m_CorrespondingSourceObject: {fileID: 919132149155446097, guid: 2cf376e17e68e5040a6e75fde164ec6b,
    type: 3}
  m_PrefabInstance: {fileID: 2439560296752682672}
  m_PrefabAsset: {fileID: 0}
--- !u!1001 &4020501487301550460
PrefabInstance:
  m_ObjectHideFlags: 0
  serializedVersion: 2
  m_Modification:
    m_TransformParent: {fileID: 1534878122863089843}
    m_Modifications:
    - target: {fileID: -8679921383154817045, guid: f069207567c1aad46842b177ecc05985,
        type: 3}
      propertyPath: m_RootOrder
      value: 0
      objectReference: {fileID: 0}
    - target: {fileID: -8679921383154817045, guid: f069207567c1aad46842b177ecc05985,
        type: 3}
      propertyPath: m_LocalPosition.x
      value: 0
      objectReference: {fileID: 0}
    - target: {fileID: -8679921383154817045, guid: f069207567c1aad46842b177ecc05985,
        type: 3}
      propertyPath: m_LocalPosition.y
      value: 0
      objectReference: {fileID: 0}
    - target: {fileID: -8679921383154817045, guid: f069207567c1aad46842b177ecc05985,
        type: 3}
      propertyPath: m_LocalPosition.z
      value: 0
      objectReference: {fileID: 0}
    - target: {fileID: -8679921383154817045, guid: f069207567c1aad46842b177ecc05985,
        type: 3}
      propertyPath: m_LocalRotation.w
      value: 1
      objectReference: {fileID: 0}
    - target: {fileID: -8679921383154817045, guid: f069207567c1aad46842b177ecc05985,
        type: 3}
      propertyPath: m_LocalRotation.x
      value: -0
      objectReference: {fileID: 0}
    - target: {fileID: -8679921383154817045, guid: f069207567c1aad46842b177ecc05985,
        type: 3}
      propertyPath: m_LocalRotation.y
      value: -0
      objectReference: {fileID: 0}
    - target: {fileID: -8679921383154817045, guid: f069207567c1aad46842b177ecc05985,
        type: 3}
      propertyPath: m_LocalRotation.z
      value: -0
      objectReference: {fileID: 0}
    - target: {fileID: -8679921383154817045, guid: f069207567c1aad46842b177ecc05985,
        type: 3}
      propertyPath: m_LocalEulerAnglesHint.x
      value: 0
      objectReference: {fileID: 0}
    - target: {fileID: -8679921383154817045, guid: f069207567c1aad46842b177ecc05985,
        type: 3}
      propertyPath: m_LocalEulerAnglesHint.y
      value: 0
      objectReference: {fileID: 0}
    - target: {fileID: -8679921383154817045, guid: f069207567c1aad46842b177ecc05985,
        type: 3}
      propertyPath: m_LocalEulerAnglesHint.z
      value: 0
      objectReference: {fileID: 0}
    - target: {fileID: -7511558181221131132, guid: f069207567c1aad46842b177ecc05985,
        type: 3}
      propertyPath: m_Materials.Array.data[0]
      value: 
      objectReference: {fileID: 2100000, guid: 6c3f5d9a090d75f458ce0f5ca3817923, type: 2}
    - target: {fileID: 919132149155446097, guid: f069207567c1aad46842b177ecc05985,
        type: 3}
      propertyPath: m_Name
      value: MedicineCartBottomTray
      objectReference: {fileID: 0}
    m_RemovedComponents: []
  m_SourcePrefab: {fileID: 100100000, guid: f069207567c1aad46842b177ecc05985, type: 3}
--- !u!1 &4254451516540509229 stripped
GameObject:
  m_CorrespondingSourceObject: {fileID: 919132149155446097, guid: f069207567c1aad46842b177ecc05985,
    type: 3}
  m_PrefabInstance: {fileID: 4020501487301550460}
  m_PrefabAsset: {fileID: 0}
--- !u!4 &3477071040557123223 stripped
Transform:
  m_CorrespondingSourceObject: {fileID: -8679921383154817045, guid: f069207567c1aad46842b177ecc05985,
    type: 3}
  m_PrefabInstance: {fileID: 4020501487301550460}
  m_PrefabAsset: {fileID: 0}
--- !u!23 &2308698908176121336 stripped
MeshRenderer:
  m_CorrespondingSourceObject: {fileID: -7511558181221131132, guid: f069207567c1aad46842b177ecc05985,
    type: 3}
  m_PrefabInstance: {fileID: 4020501487301550460}
  m_PrefabAsset: {fileID: 0}
--- !u!64 &1742722642911483764 stripped
MeshCollider:
  m_CorrespondingSourceObject: {fileID: 3451118302482216456, guid: f069207567c1aad46842b177ecc05985,
    type: 3}
  m_PrefabInstance: {fileID: 4020501487301550460}
  m_PrefabAsset: {fileID: 0}
--- !u!1001 &5345921909502774684
PrefabInstance:
  m_ObjectHideFlags: 0
  serializedVersion: 2
  m_Modification:
    m_TransformParent: {fileID: 6681999148701797307}
    m_Modifications:
    - target: {fileID: -8679921383154817045, guid: 2cf376e17e68e5040a6e75fde164ec6b,
        type: 3}
      propertyPath: m_RootOrder
      value: 0
      objectReference: {fileID: 0}
    - target: {fileID: -8679921383154817045, guid: 2cf376e17e68e5040a6e75fde164ec6b,
        type: 3}
      propertyPath: m_LocalPosition.x
      value: 0
      objectReference: {fileID: 0}
    - target: {fileID: -8679921383154817045, guid: 2cf376e17e68e5040a6e75fde164ec6b,
        type: 3}
      propertyPath: m_LocalPosition.y
      value: 0
      objectReference: {fileID: 0}
    - target: {fileID: -8679921383154817045, guid: 2cf376e17e68e5040a6e75fde164ec6b,
        type: 3}
      propertyPath: m_LocalPosition.z
      value: 0
      objectReference: {fileID: 0}
    - target: {fileID: -8679921383154817045, guid: 2cf376e17e68e5040a6e75fde164ec6b,
        type: 3}
      propertyPath: m_LocalRotation.w
      value: 1
      objectReference: {fileID: 0}
    - target: {fileID: -8679921383154817045, guid: 2cf376e17e68e5040a6e75fde164ec6b,
        type: 3}
      propertyPath: m_LocalRotation.x
      value: -0
      objectReference: {fileID: 0}
    - target: {fileID: -8679921383154817045, guid: 2cf376e17e68e5040a6e75fde164ec6b,
        type: 3}
      propertyPath: m_LocalRotation.y
      value: -0
      objectReference: {fileID: 0}
    - target: {fileID: -8679921383154817045, guid: 2cf376e17e68e5040a6e75fde164ec6b,
        type: 3}
      propertyPath: m_LocalRotation.z
      value: -0
      objectReference: {fileID: 0}
    - target: {fileID: -8679921383154817045, guid: 2cf376e17e68e5040a6e75fde164ec6b,
        type: 3}
      propertyPath: m_LocalEulerAnglesHint.x
      value: 0
      objectReference: {fileID: 0}
    - target: {fileID: -8679921383154817045, guid: 2cf376e17e68e5040a6e75fde164ec6b,
        type: 3}
      propertyPath: m_LocalEulerAnglesHint.y
      value: 0
      objectReference: {fileID: 0}
    - target: {fileID: -8679921383154817045, guid: 2cf376e17e68e5040a6e75fde164ec6b,
        type: 3}
      propertyPath: m_LocalEulerAnglesHint.z
      value: 0
      objectReference: {fileID: 0}
    - target: {fileID: -7511558181221131132, guid: 2cf376e17e68e5040a6e75fde164ec6b,
        type: 3}
      propertyPath: m_Materials.Array.data[0]
      value: 
      objectReference: {fileID: 2100000, guid: ca32a70de5fbddf4d907d9d5277fea2b, type: 2}
    - target: {fileID: 919132149155446097, guid: 2cf376e17e68e5040a6e75fde164ec6b,
        type: 3}
      propertyPath: m_Name
      value: MedicineCartTray
      objectReference: {fileID: 0}
    m_RemovedComponents: []
  m_SourcePrefab: {fileID: 100100000, guid: 2cf376e17e68e5040a6e75fde164ec6b, type: 3}
--- !u!1 &5112129246791807181 stripped
GameObject:
  m_CorrespondingSourceObject: {fileID: 919132149155446097, guid: 2cf376e17e68e5040a6e75fde164ec6b,
    type: 3}
  m_PrefabInstance: {fileID: 5345921909502774684}
  m_PrefabAsset: {fileID: 0}
--- !u!4 &5600858194262452855 stripped
Transform:
  m_CorrespondingSourceObject: {fileID: -8679921383154817045, guid: 2cf376e17e68e5040a6e75fde164ec6b,
    type: 3}
  m_PrefabInstance: {fileID: 5345921909502774684}
  m_PrefabAsset: {fileID: 0}
--- !u!23 &6769211535354401048 stripped
MeshRenderer:
  m_CorrespondingSourceObject: {fileID: -7511558181221131132, guid: 2cf376e17e68e5040a6e75fde164ec6b,
    type: 3}
  m_PrefabInstance: {fileID: 5345921909502774684}
  m_PrefabAsset: {fileID: 0}
--- !u!64 &7337580302437006228 stripped
MeshCollider:
  m_CorrespondingSourceObject: {fileID: 3451118302482216456, guid: 2cf376e17e68e5040a6e75fde164ec6b,
    type: 3}
  m_PrefabInstance: {fileID: 5345921909502774684}
  m_PrefabAsset: {fileID: 0}
--- !u!1001 &7295817609445231604
PrefabInstance:
  m_ObjectHideFlags: 0
  serializedVersion: 2
  m_Modification:
    m_TransformParent: {fileID: 7788604606972980616}
    m_Modifications:
    - target: {fileID: -8679921383154817045, guid: 2cf376e17e68e5040a6e75fde164ec6b,
        type: 3}
      propertyPath: m_RootOrder
      value: 0
      objectReference: {fileID: 0}
    - target: {fileID: -8679921383154817045, guid: 2cf376e17e68e5040a6e75fde164ec6b,
        type: 3}
      propertyPath: m_LocalPosition.x
      value: 0
      objectReference: {fileID: 0}
    - target: {fileID: -8679921383154817045, guid: 2cf376e17e68e5040a6e75fde164ec6b,
        type: 3}
      propertyPath: m_LocalPosition.y
      value: 0
      objectReference: {fileID: 0}
    - target: {fileID: -8679921383154817045, guid: 2cf376e17e68e5040a6e75fde164ec6b,
        type: 3}
      propertyPath: m_LocalPosition.z
      value: 0
      objectReference: {fileID: 0}
    - target: {fileID: -8679921383154817045, guid: 2cf376e17e68e5040a6e75fde164ec6b,
        type: 3}
      propertyPath: m_LocalRotation.w
      value: 1
      objectReference: {fileID: 0}
    - target: {fileID: -8679921383154817045, guid: 2cf376e17e68e5040a6e75fde164ec6b,
        type: 3}
      propertyPath: m_LocalRotation.x
      value: -0
      objectReference: {fileID: 0}
    - target: {fileID: -8679921383154817045, guid: 2cf376e17e68e5040a6e75fde164ec6b,
        type: 3}
      propertyPath: m_LocalRotation.y
      value: -0
      objectReference: {fileID: 0}
    - target: {fileID: -8679921383154817045, guid: 2cf376e17e68e5040a6e75fde164ec6b,
        type: 3}
      propertyPath: m_LocalRotation.z
      value: -0
      objectReference: {fileID: 0}
    - target: {fileID: -8679921383154817045, guid: 2cf376e17e68e5040a6e75fde164ec6b,
        type: 3}
      propertyPath: m_LocalEulerAnglesHint.x
      value: 0
      objectReference: {fileID: 0}
    - target: {fileID: -8679921383154817045, guid: 2cf376e17e68e5040a6e75fde164ec6b,
        type: 3}
      propertyPath: m_LocalEulerAnglesHint.y
      value: 0
      objectReference: {fileID: 0}
    - target: {fileID: -8679921383154817045, guid: 2cf376e17e68e5040a6e75fde164ec6b,
        type: 3}
      propertyPath: m_LocalEulerAnglesHint.z
      value: 0
      objectReference: {fileID: 0}
    - target: {fileID: -7511558181221131132, guid: 2cf376e17e68e5040a6e75fde164ec6b,
        type: 3}
      propertyPath: m_Materials.Array.data[0]
      value: 
      objectReference: {fileID: 2100000, guid: ca32a70de5fbddf4d907d9d5277fea2b, type: 2}
    - target: {fileID: 919132149155446097, guid: 2cf376e17e68e5040a6e75fde164ec6b,
        type: 3}
      propertyPath: m_Name
      value: MedicineCartTray
      objectReference: {fileID: 0}
    m_RemovedComponents: []
  m_SourcePrefab: {fileID: 100100000, guid: 2cf376e17e68e5040a6e75fde164ec6b, type: 3}
--- !u!1 &7637712047652271781 stripped
GameObject:
  m_CorrespondingSourceObject: {fileID: 919132149155446097, guid: 2cf376e17e68e5040a6e75fde164ec6b,
    type: 3}
  m_PrefabInstance: {fileID: 7295817609445231604}
  m_PrefabAsset: {fileID: 0}
--- !u!4 &7112672586931678239 stripped
Transform:
  m_CorrespondingSourceObject: {fileID: -8679921383154817045, guid: 2cf376e17e68e5040a6e75fde164ec6b,
    type: 3}
  m_PrefabInstance: {fileID: 7295817609445231604}
  m_PrefabAsset: {fileID: 0}
--- !u!23 &8286173425926887280 stripped
MeshRenderer:
  m_CorrespondingSourceObject: {fileID: -7511558181221131132, guid: 2cf376e17e68e5040a6e75fde164ec6b,
    type: 3}
  m_PrefabInstance: {fileID: 7295817609445231604}
  m_PrefabAsset: {fileID: 0}
--- !u!64 &5393947560291925500 stripped
MeshCollider:
  m_CorrespondingSourceObject: {fileID: 3451118302482216456, guid: 2cf376e17e68e5040a6e75fde164ec6b,
    type: 3}
  m_PrefabInstance: {fileID: 7295817609445231604}
  m_PrefabAsset: {fileID: 0}
