%YAML 1.1
%TAG !u! tag:unity3d.com,2011:
--- !u!1 &5769821513698799201
GameObject:
  m_ObjectHideFlags: 0
  m_CorrespondingSourceObject: {fileID: 0}
  m_PrefabInstance: {fileID: 0}
  m_PrefabAsset: {fileID: 0}
  serializedVersion: 6
  m_Component:
  - component: {fileID: 7370668281482091634}
  - component: {fileID: 1950860728964851268}
  - component: {fileID: 5201182668519004861}
  m_Layer: 0
  m_Name: LeftArm
  m_TagString: Untagged
  m_Icon: {fileID: 0}
  m_NavMeshLayer: 0
  m_StaticEditorFlags: 0
  m_IsActive: 1
--- !u!4 &7370668281482091634
Transform:
  m_ObjectHideFlags: 0
  m_CorrespondingSourceObject: {fileID: 0}
  m_PrefabInstance: {fileID: 0}
  m_PrefabAsset: {fileID: 0}
  m_GameObject: {fileID: 5769821513698799201}
  m_LocalRotation: {x: -0.42510697, y: -0.022597833, z: 0.0076257046, w: 0.9048289}
  m_LocalPosition: {x: -1672.1, y: 74.37, z: -28}
  m_LocalScale: {x: 1, y: 1, z: 1}
  m_Children:
  - {fileID: 7370668280915362688}
  m_Father: {fileID: 0}
  m_RootOrder: 0
  m_LocalEulerAnglesHint: {x: -50.26, y: -4.25, z: 2.96}
--- !u!33 &1950860728964851268
MeshFilter:
  m_ObjectHideFlags: 0
  m_CorrespondingSourceObject: {fileID: 0}
  m_PrefabInstance: {fileID: 0}
  m_PrefabAsset: {fileID: 0}
  m_GameObject: {fileID: 5769821513698799201}
  m_Mesh: {fileID: 4319819151030187860, guid: 335a7db4db0133f4bb6f20750265affe, type: 3}
--- !u!23 &5201182668519004861
MeshRenderer:
  m_ObjectHideFlags: 0
  m_CorrespondingSourceObject: {fileID: 0}
  m_PrefabInstance: {fileID: 0}
  m_PrefabAsset: {fileID: 0}
  m_GameObject: {fileID: 5769821513698799201}
  m_Enabled: 1
  m_CastShadows: 0
  m_ReceiveShadows: 1
  m_DynamicOccludee: 1
  m_MotionVectors: 2
  m_LightProbeUsage: 1
  m_ReflectionProbeUsage: 1
  m_RayTracingMode: 2
  m_RenderingLayerMask: 4294967295
  m_RendererPriority: 0
  m_Materials:
  - {fileID: 2100000, guid: f4ff57f5f2a462e45ba00b21d5035719, type: 2}
  m_StaticBatchInfo:
    firstSubMesh: 0
    subMeshCount: 0
  m_StaticBatchRoot: {fileID: 0}
  m_ProbeAnchor: {fileID: 0}
  m_LightProbeVolumeOverride: {fileID: 0}
  m_ScaleInLightmap: 1
  m_ReceiveGI: 1
  m_PreserveUVs: 0
  m_IgnoreNormalsForChartDetection: 0
  m_ImportantGI: 0
  m_StitchLightmapSeams: 1
  m_SelectedEditorRenderState: 3
  m_MinimumChartSize: 4
  m_AutoUVMaxDistance: 0.5
  m_AutoUVMaxAngle: 89
  m_LightmapParameters: {fileID: 0}
  m_SortingLayerID: 0
  m_SortingLayer: 0
  m_SortingOrder: 0
--- !u!1 &7692873751527272676
GameObject:
  m_ObjectHideFlags: 0
  m_CorrespondingSourceObject: {fileID: 0}
  m_PrefabInstance: {fileID: 0}
  m_PrefabAsset: {fileID: 0}
  serializedVersion: 6
  m_Component:
  - component: {fileID: 7582188917605932718}
  - component: {fileID: 5668255566671423856}
  - component: {fileID: 6398272394284065806}
  - component: {fileID: 6256868010029818061}
  - component: {fileID: 669275554841294497}
  m_Layer: 0
  m_Name: TimeText
  m_TagString: Untagged
  m_Icon: {fileID: 0}
  m_NavMeshLayer: 0
  m_StaticEditorFlags: 0
  m_IsActive: 1
--- !u!224 &7582188917605932718
RectTransform:
  m_ObjectHideFlags: 0
  m_CorrespondingSourceObject: {fileID: 0}
  m_PrefabInstance: {fileID: 0}
  m_PrefabAsset: {fileID: 0}
  m_GameObject: {fileID: 7692873751527272676}
  m_LocalRotation: {x: 0.7071068, y: 0, z: 0, w: 0.7071068}
  m_LocalPosition: {x: 0, y: 0, z: 20.2}
  m_LocalScale: {x: 1, y: 1, z: 1}
  m_Children: []
  m_Father: {fileID: 7370668282431405158}
  m_RootOrder: 0
  m_LocalEulerAnglesHint: {x: 90, y: 0, z: 0}
  m_AnchorMin: {x: 0.5, y: 0.5}
  m_AnchorMax: {x: 0.5, y: 0.5}
  m_AnchoredPosition: {x: 2.2, y: 135.1}
  m_SizeDelta: {x: 119.66, y: 97.2}
  m_Pivot: {x: 0.5, y: 0.5}
--- !u!23 &5668255566671423856
MeshRenderer:
  m_ObjectHideFlags: 0
  m_CorrespondingSourceObject: {fileID: 0}
  m_PrefabInstance: {fileID: 0}
  m_PrefabAsset: {fileID: 0}
  m_GameObject: {fileID: 7692873751527272676}
  m_Enabled: 1
  m_CastShadows: 0
  m_ReceiveShadows: 0
  m_DynamicOccludee: 1
  m_MotionVectors: 2
  m_LightProbeUsage: 1
  m_ReflectionProbeUsage: 1
  m_RayTracingMode: 2
  m_RenderingLayerMask: 4294967295
  m_RendererPriority: 0
  m_Materials:
  - {fileID: 0}
  m_StaticBatchInfo:
    firstSubMesh: 0
    subMeshCount: 0
  m_StaticBatchRoot: {fileID: 0}
  m_ProbeAnchor: {fileID: 0}
  m_LightProbeVolumeOverride: {fileID: 0}
  m_ScaleInLightmap: 1
  m_ReceiveGI: 1
  m_PreserveUVs: 0
  m_IgnoreNormalsForChartDetection: 0
  m_ImportantGI: 0
  m_StitchLightmapSeams: 1
  m_SelectedEditorRenderState: 3
  m_MinimumChartSize: 4
  m_AutoUVMaxDistance: 0.5
  m_AutoUVMaxAngle: 89
  m_LightmapParameters: {fileID: 0}
  m_SortingLayerID: 0
  m_SortingLayer: 0
  m_SortingOrder: 0
--- !u!33 &6398272394284065806
MeshFilter:
  m_ObjectHideFlags: 0
  m_CorrespondingSourceObject: {fileID: 0}
  m_PrefabInstance: {fileID: 0}
  m_PrefabAsset: {fileID: 0}
  m_GameObject: {fileID: 7692873751527272676}
  m_Mesh: {fileID: 0}
--- !u!222 &6256868010029818061
CanvasRenderer:
  m_ObjectHideFlags: 0
  m_CorrespondingSourceObject: {fileID: 0}
  m_PrefabInstance: {fileID: 0}
  m_PrefabAsset: {fileID: 0}
  m_GameObject: {fileID: 7692873751527272676}
  m_CullTransparentMesh: 0
--- !u!114 &669275554841294497
MonoBehaviour:
  m_ObjectHideFlags: 0
  m_CorrespondingSourceObject: {fileID: 0}
  m_PrefabInstance: {fileID: 0}
  m_PrefabAsset: {fileID: 0}
  m_GameObject: {fileID: 7692873751527272676}
  m_Enabled: 1
  m_EditorHideFlags: 0
  m_Script: {fileID: 11500000, guid: 9541d86e2fd84c1d9990edf0852d74ab, type: 3}
  m_Name: 
  m_EditorClassIdentifier: 
  m_Material: {fileID: 0}
  m_Color: {r: 1, g: 1, b: 1, a: 1}
  m_RaycastTarget: 1
  m_Maskable: 1
  m_OnCullStateChanged:
    m_PersistentCalls:
      m_Calls: []
  m_text: 00:00
  m_isRightToLeft: 0
  m_fontAsset: {fileID: 0}
  m_sharedMaterial: {fileID: 0}
  m_fontSharedMaterials: []
  m_fontMaterial: {fileID: 0}
  m_fontMaterials: []
  m_fontColor32:
    serializedVersion: 2
    rgba: 4294623283
  m_fontColor: {r: 0.19900322, g: 0.7526451, b: 0.9811321, a: 1}
  m_enableVertexGradient: 0
  m_colorMode: 3
  m_fontColorGradient:
    topLeft: {r: 1, g: 1, b: 1, a: 1}
    topRight: {r: 1, g: 1, b: 1, a: 1}
    bottomLeft: {r: 1, g: 1, b: 1, a: 1}
    bottomRight: {r: 1, g: 1, b: 1, a: 1}
  m_fontColorGradientPreset: {fileID: 0}
  m_spriteAsset: {fileID: 0}
  m_tintAllSprites: 0
  m_overrideHtmlColors: 0
  m_faceColor:
    serializedVersion: 2
    rgba: 4294967295
  m_outlineColor:
    serializedVersion: 2
    rgba: 4278190080
  m_fontSize: 633
  m_fontSizeBase: 633
  m_fontWeight: 400
  m_enableAutoSizing: 0
  m_fontSizeMin: 18
  m_fontSizeMax: 72
  m_fontStyle: 0
  m_textAlignment: 258
  m_characterSpacing: 0
  m_wordSpacing: 0
  m_lineSpacing: 0
  m_lineSpacingMax: 0
  m_paragraphSpacing: 0
  m_charWidthMaxAdj: 0
  m_enableWordWrapping: 1
  m_wordWrappingRatios: 0.4
  m_overflowMode: 3
  m_firstOverflowCharacterIndex: -1
  m_linkedTextComponent: {fileID: 0}
  m_isLinkedTextComponent: 0
  m_isTextTruncated: 0
  m_enableKerning: 1
  m_enableExtraPadding: 0
  checkPaddingRequired: 0
  m_isRichText: 1
  m_parseCtrlCharacters: 1
  m_isOrthographic: 0
  m_isCullingEnabled: 0
  m_ignoreRectMaskCulling: 0
  m_ignoreCulling: 1
  m_horizontalMapping: 0
  m_verticalMapping: 0
  m_uvLineOffset: 0
  m_geometrySortingOrder: 0
  m_VertexBufferAutoSizeReduction: 1
  m_firstVisibleCharacter: 0
  m_useMaxVisibleDescender: 1
  m_pageToDisplay: 1
  m_margin: {x: 0, y: 0, z: 0, w: 0}
  m_textInfo:
    textComponent: {fileID: 669275554841294497}
    characterCount: 5
    spriteCount: 0
    spaceCount: 0
    wordCount: 2
    linkCount: 0
    lineCount: 1
    pageCount: 1
    materialCount: 1
  m_isUsingLegacyAnimationComponent: 0
  m_isVolumetricText: 0
  m_spriteAnimator: {fileID: 0}
  m_hasFontAssetChanged: 0
  m_renderer: {fileID: 5668255566671423856}
  m_subTextObjects:
  - {fileID: 0}
  - {fileID: 0}
  - {fileID: 0}
  - {fileID: 0}
  - {fileID: 0}
  - {fileID: 0}
  - {fileID: 0}
  - {fileID: 0}
  m_maskType: 0
--- !u!1001 &668532002124288964
PrefabInstance:
  m_ObjectHideFlags: 0
  serializedVersion: 2
  m_Modification:
    m_TransformParent: {fileID: 7370668280915362688}
    m_Modifications:
    - target: {fileID: 4713380141298770610, guid: 990537bcc8be197439cb3840b401ff96,
        type: 3}
      propertyPath: m_CastShadows
      value: 0
      objectReference: {fileID: 0}
    - target: {fileID: 4713380141298770610, guid: 990537bcc8be197439cb3840b401ff96,
        type: 3}
      propertyPath: m_MotionVectors
      value: 2
      objectReference: {fileID: 0}
    - target: {fileID: 4713380141298770610, guid: 990537bcc8be197439cb3840b401ff96,
        type: 3}
      propertyPath: m_RenderingLayerMask
      value: 4294967295
      objectReference: {fileID: 0}
    - target: {fileID: 4713380142105811773, guid: 990537bcc8be197439cb3840b401ff96,
        type: 3}
      propertyPath: m_CastShadows
      value: 0
      objectReference: {fileID: 0}
    - target: {fileID: 4713380142105811773, guid: 990537bcc8be197439cb3840b401ff96,
        type: 3}
      propertyPath: m_MotionVectors
      value: 2
      objectReference: {fileID: 0}
    - target: {fileID: 4713380142105811773, guid: 990537bcc8be197439cb3840b401ff96,
        type: 3}
      propertyPath: m_RenderingLayerMask
      value: 4294967295
      objectReference: {fileID: 0}
    - target: {fileID: 4713380142755702356, guid: 990537bcc8be197439cb3840b401ff96,
        type: 3}
      propertyPath: m_CastShadows
      value: 0
      objectReference: {fileID: 0}
    - target: {fileID: 4713380142755702356, guid: 990537bcc8be197439cb3840b401ff96,
        type: 3}
      propertyPath: m_MotionVectors
      value: 2
      objectReference: {fileID: 0}
    - target: {fileID: 4713380142755702356, guid: 990537bcc8be197439cb3840b401ff96,
        type: 3}
      propertyPath: m_RenderingLayerMask
      value: 4294967295
      objectReference: {fileID: 0}
    - target: {fileID: 6437223079101289096, guid: 990537bcc8be197439cb3840b401ff96,
        type: 3}
      propertyPath: m_Name
      value: IndexFinger
      objectReference: {fileID: 0}
    - target: {fileID: 8002550810680237554, guid: 990537bcc8be197439cb3840b401ff96,
        type: 3}
      propertyPath: m_LocalRotation.y
      value: 0
      objectReference: {fileID: 0}
    - target: {fileID: 8002550810680237554, guid: 990537bcc8be197439cb3840b401ff96,
        type: 3}
      propertyPath: m_LocalRotation.z
      value: -0.7071068
      objectReference: {fileID: 0}
    - target: {fileID: 8002550810680237554, guid: 990537bcc8be197439cb3840b401ff96,
        type: 3}
      propertyPath: m_LocalRotation.w
      value: 0.7071068
      objectReference: {fileID: 0}
    - target: {fileID: 8002550810680237554, guid: 990537bcc8be197439cb3840b401ff96,
        type: 3}
      propertyPath: m_LocalPosition.x
      value: 167.4
      objectReference: {fileID: 0}
    - target: {fileID: 8002550810680237554, guid: 990537bcc8be197439cb3840b401ff96,
        type: 3}
      propertyPath: m_LocalPosition.y
      value: 24
      objectReference: {fileID: 0}
    - target: {fileID: 8002550810680237554, guid: 990537bcc8be197439cb3840b401ff96,
        type: 3}
      propertyPath: m_LocalEulerAnglesHint.z
      value: -90
      objectReference: {fileID: 0}
    - target: {fileID: 8002550811061231771, guid: 990537bcc8be197439cb3840b401ff96,
        type: 3}
      propertyPath: m_LocalPosition.x
      value: 778
      objectReference: {fileID: 0}
    - target: {fileID: 8002550811061231771, guid: 990537bcc8be197439cb3840b401ff96,
        type: 3}
      propertyPath: m_LocalPosition.y
      value: 58
      objectReference: {fileID: 0}
    - target: {fileID: 8002550811061231771, guid: 990537bcc8be197439cb3840b401ff96,
        type: 3}
      propertyPath: m_LocalPosition.z
      value: -120
      objectReference: {fileID: 0}
    - target: {fileID: 8002550811061231771, guid: 990537bcc8be197439cb3840b401ff96,
        type: 3}
      propertyPath: m_LocalRotation.x
      value: 0
      objectReference: {fileID: 0}
    - target: {fileID: 8002550811061231771, guid: 990537bcc8be197439cb3840b401ff96,
        type: 3}
      propertyPath: m_LocalRotation.y
      value: 0
      objectReference: {fileID: 0}
    - target: {fileID: 8002550811061231771, guid: 990537bcc8be197439cb3840b401ff96,
        type: 3}
      propertyPath: m_LocalRotation.z
      value: -0.38268343
      objectReference: {fileID: 0}
    - target: {fileID: 8002550811061231771, guid: 990537bcc8be197439cb3840b401ff96,
        type: 3}
      propertyPath: m_LocalRotation.w
      value: 0.92387956
      objectReference: {fileID: 0}
    - target: {fileID: 8002550811061231771, guid: 990537bcc8be197439cb3840b401ff96,
        type: 3}
      propertyPath: m_RootOrder
      value: 0
      objectReference: {fileID: 0}
    - target: {fileID: 8002550811061231771, guid: 990537bcc8be197439cb3840b401ff96,
        type: 3}
      propertyPath: m_LocalEulerAnglesHint.x
      value: 0
      objectReference: {fileID: 0}
    - target: {fileID: 8002550811061231771, guid: 990537bcc8be197439cb3840b401ff96,
        type: 3}
      propertyPath: m_LocalEulerAnglesHint.y
      value: 0
      objectReference: {fileID: 0}
    - target: {fileID: 8002550811061231771, guid: 990537bcc8be197439cb3840b401ff96,
        type: 3}
      propertyPath: m_LocalEulerAnglesHint.z
      value: -45
      objectReference: {fileID: 0}
    - target: {fileID: 8002550811061231771, guid: 990537bcc8be197439cb3840b401ff96,
        type: 3}
      propertyPath: m_LocalScale.x
      value: 0.95
      objectReference: {fileID: 0}
    - target: {fileID: 8002550811483350141, guid: 990537bcc8be197439cb3840b401ff96,
        type: 3}
      propertyPath: m_LocalRotation.y
      value: 0
      objectReference: {fileID: 0}
    - target: {fileID: 8002550811483350141, guid: 990537bcc8be197439cb3840b401ff96,
        type: 3}
      propertyPath: m_LocalRotation.z
      value: -0.7071068
      objectReference: {fileID: 0}
    - target: {fileID: 8002550811483350141, guid: 990537bcc8be197439cb3840b401ff96,
        type: 3}
      propertyPath: m_LocalRotation.w
      value: 0.7071068
      objectReference: {fileID: 0}
    - target: {fileID: 8002550811483350141, guid: 990537bcc8be197439cb3840b401ff96,
        type: 3}
      propertyPath: m_LocalPosition.x
      value: 210.5
      objectReference: {fileID: 0}
    - target: {fileID: 8002550811483350141, guid: 990537bcc8be197439cb3840b401ff96,
        type: 3}
      propertyPath: m_LocalPosition.y
      value: 27.4
      objectReference: {fileID: 0}
    - target: {fileID: 8002550811483350141, guid: 990537bcc8be197439cb3840b401ff96,
        type: 3}
      propertyPath: m_LocalEulerAnglesHint.z
      value: -90
      objectReference: {fileID: 0}
    m_RemovedComponents:
    - {fileID: 773850645951011999, guid: 990537bcc8be197439cb3840b401ff96, type: 3}
    - {fileID: 773850645274845686, guid: 990537bcc8be197439cb3840b401ff96, type: 3}
    - {fileID: 773850643922606201, guid: 990537bcc8be197439cb3840b401ff96, type: 3}
  m_SourcePrefab: {fileID: 100100000, guid: 990537bcc8be197439cb3840b401ff96, type: 3}
--- !u!1001 &2536488725172103322
PrefabInstance:
  m_ObjectHideFlags: 0
  serializedVersion: 2
  m_Modification:
    m_TransformParent: {fileID: 7370668281482091634}
    m_Modifications:
    - target: {fileID: -4216859302048453862, guid: d8757c963f3d4cb48b485e809be68e53,
        type: 3}
      propertyPath: m_LocalPosition.x
      value: 1546
      objectReference: {fileID: 0}
    - target: {fileID: -4216859302048453862, guid: d8757c963f3d4cb48b485e809be68e53,
        type: 3}
      propertyPath: m_LocalPosition.y
      value: 80
      objectReference: {fileID: 0}
    - target: {fileID: -4216859302048453862, guid: d8757c963f3d4cb48b485e809be68e53,
        type: 3}
      propertyPath: m_LocalPosition.z
      value: 26
      objectReference: {fileID: 0}
    - target: {fileID: -4216859302048453862, guid: d8757c963f3d4cb48b485e809be68e53,
        type: 3}
      propertyPath: m_LocalRotation.x
      value: 0
      objectReference: {fileID: 0}
    - target: {fileID: -4216859302048453862, guid: d8757c963f3d4cb48b485e809be68e53,
        type: 3}
      propertyPath: m_LocalRotation.y
      value: 0
      objectReference: {fileID: 0}
    - target: {fileID: -4216859302048453862, guid: d8757c963f3d4cb48b485e809be68e53,
        type: 3}
      propertyPath: m_LocalRotation.z
      value: 0
      objectReference: {fileID: 0}
    - target: {fileID: -4216859302048453862, guid: d8757c963f3d4cb48b485e809be68e53,
        type: 3}
      propertyPath: m_LocalRotation.w
      value: 1
      objectReference: {fileID: 0}
    - target: {fileID: -4216859302048453862, guid: d8757c963f3d4cb48b485e809be68e53,
        type: 3}
      propertyPath: m_RootOrder
      value: 0
      objectReference: {fileID: 0}
    - target: {fileID: -4216859302048453862, guid: d8757c963f3d4cb48b485e809be68e53,
        type: 3}
      propertyPath: m_LocalEulerAnglesHint.x
      value: 0
      objectReference: {fileID: 0}
    - target: {fileID: -4216859302048453862, guid: d8757c963f3d4cb48b485e809be68e53,
        type: 3}
      propertyPath: m_LocalEulerAnglesHint.y
      value: 0
      objectReference: {fileID: 0}
    - target: {fileID: -4216859302048453862, guid: d8757c963f3d4cb48b485e809be68e53,
        type: 3}
      propertyPath: m_LocalEulerAnglesHint.z
      value: 0
      objectReference: {fileID: 0}
    - target: {fileID: -1504981713932161579, guid: d8757c963f3d4cb48b485e809be68e53,
        type: 3}
      propertyPath: m_CastShadows
      value: 0
      objectReference: {fileID: 0}
    - target: {fileID: -1504981713932161579, guid: d8757c963f3d4cb48b485e809be68e53,
        type: 3}
      propertyPath: m_MotionVectors
      value: 2
      objectReference: {fileID: 0}
    - target: {fileID: -1504981713932161579, guid: d8757c963f3d4cb48b485e809be68e53,
        type: 3}
      propertyPath: m_RenderingLayerMask
      value: 4294967295
      objectReference: {fileID: 0}
    - target: {fileID: -1504981713932161579, guid: d8757c963f3d4cb48b485e809be68e53,
        type: 3}
      propertyPath: m_Materials.Array.data[0]
      value: 
      objectReference: {fileID: 2100000, guid: cb1394e2d0f1d0c4d99e9b078dceecd7, type: 2}
    - target: {fileID: -927199367670048503, guid: d8757c963f3d4cb48b485e809be68e53,
        type: 3}
      propertyPath: m_Name
      value: Fist
      objectReference: {fileID: 0}
    m_RemovedComponents:
    - {fileID: -6860895033569716450, guid: d8757c963f3d4cb48b485e809be68e53, type: 3}
  m_SourcePrefab: {fileID: 100100000, guid: d8757c963f3d4cb48b485e809be68e53, type: 3}
--- !u!4 &7370668280915362688 stripped
Transform:
  m_CorrespondingSourceObject: {fileID: -4216859302048453862, guid: d8757c963f3d4cb48b485e809be68e53,
    type: 3}
  m_PrefabInstance: {fileID: 2536488725172103322}
  m_PrefabAsset: {fileID: 0}
--- !u!1001 &2536488725211592207
PrefabInstance:
  m_ObjectHideFlags: 0
  serializedVersion: 2
  m_Modification:
    m_TransformParent: {fileID: 7370668280915362688}
    m_Modifications:
    - target: {fileID: 4713380141298770610, guid: 990537bcc8be197439cb3840b401ff96,
        type: 3}
      propertyPath: m_CastShadows
      value: 0
      objectReference: {fileID: 0}
    - target: {fileID: 4713380141298770610, guid: 990537bcc8be197439cb3840b401ff96,
        type: 3}
      propertyPath: m_MotionVectors
      value: 2
      objectReference: {fileID: 0}
    - target: {fileID: 4713380141298770610, guid: 990537bcc8be197439cb3840b401ff96,
        type: 3}
      propertyPath: m_RenderingLayerMask
      value: 4294967295
      objectReference: {fileID: 0}
    - target: {fileID: 4713380142105811773, guid: 990537bcc8be197439cb3840b401ff96,
        type: 3}
      propertyPath: m_CastShadows
      value: 0
      objectReference: {fileID: 0}
    - target: {fileID: 4713380142105811773, guid: 990537bcc8be197439cb3840b401ff96,
        type: 3}
      propertyPath: m_MotionVectors
      value: 2
      objectReference: {fileID: 0}
    - target: {fileID: 4713380142105811773, guid: 990537bcc8be197439cb3840b401ff96,
        type: 3}
      propertyPath: m_RenderingLayerMask
      value: 4294967295
      objectReference: {fileID: 0}
    - target: {fileID: 4713380142755702356, guid: 990537bcc8be197439cb3840b401ff96,
        type: 3}
      propertyPath: m_CastShadows
      value: 0
      objectReference: {fileID: 0}
    - target: {fileID: 4713380142755702356, guid: 990537bcc8be197439cb3840b401ff96,
        type: 3}
      propertyPath: m_MotionVectors
      value: 2
      objectReference: {fileID: 0}
    - target: {fileID: 4713380142755702356, guid: 990537bcc8be197439cb3840b401ff96,
        type: 3}
      propertyPath: m_RenderingLayerMask
      value: 4294967295
      objectReference: {fileID: 0}
    - target: {fileID: 6437223079101289096, guid: 990537bcc8be197439cb3840b401ff96,
        type: 3}
      propertyPath: m_Name
      value: LittleFinger
      objectReference: {fileID: 0}
    - target: {fileID: 8002550811061231771, guid: 990537bcc8be197439cb3840b401ff96,
        type: 3}
      propertyPath: m_LocalPosition.x
      value: 778.8
      objectReference: {fileID: 0}
    - target: {fileID: 8002550811061231771, guid: 990537bcc8be197439cb3840b401ff96,
        type: 3}
      propertyPath: m_LocalPosition.y
      value: 87.6
      objectReference: {fileID: 0}
    - target: {fileID: 8002550811061231771, guid: 990537bcc8be197439cb3840b401ff96,
        type: 3}
      propertyPath: m_LocalPosition.z
      value: 195
      objectReference: {fileID: 0}
    - target: {fileID: 8002550811061231771, guid: 990537bcc8be197439cb3840b401ff96,
        type: 3}
      propertyPath: m_LocalRotation.x
      value: 0
      objectReference: {fileID: 0}
    - target: {fileID: 8002550811061231771, guid: 990537bcc8be197439cb3840b401ff96,
        type: 3}
      propertyPath: m_LocalRotation.y
      value: 0
      objectReference: {fileID: 0}
    - target: {fileID: 8002550811061231771, guid: 990537bcc8be197439cb3840b401ff96,
        type: 3}
      propertyPath: m_LocalRotation.z
      value: -0.38268343
      objectReference: {fileID: 0}
    - target: {fileID: 8002550811061231771, guid: 990537bcc8be197439cb3840b401ff96,
        type: 3}
      propertyPath: m_LocalRotation.w
      value: 0.92387956
      objectReference: {fileID: 0}
    - target: {fileID: 8002550811061231771, guid: 990537bcc8be197439cb3840b401ff96,
        type: 3}
      propertyPath: m_RootOrder
      value: 3
      objectReference: {fileID: 0}
    - target: {fileID: 8002550811061231771, guid: 990537bcc8be197439cb3840b401ff96,
        type: 3}
      propertyPath: m_LocalEulerAnglesHint.x
      value: 0
      objectReference: {fileID: 0}
    - target: {fileID: 8002550811061231771, guid: 990537bcc8be197439cb3840b401ff96,
        type: 3}
      propertyPath: m_LocalEulerAnglesHint.y
      value: 0
      objectReference: {fileID: 0}
    - target: {fileID: 8002550811061231771, guid: 990537bcc8be197439cb3840b401ff96,
        type: 3}
      propertyPath: m_LocalEulerAnglesHint.z
      value: -45
      objectReference: {fileID: 0}
    - target: {fileID: 8002550811061231771, guid: 990537bcc8be197439cb3840b401ff96,
        type: 3}
      propertyPath: m_LocalScale.x
      value: 0.7
      objectReference: {fileID: 0}
    - target: {fileID: 8002550811483350141, guid: 990537bcc8be197439cb3840b401ff96,
        type: 3}
      propertyPath: m_LocalRotation.y
      value: 0
      objectReference: {fileID: 0}
    - target: {fileID: 8002550811483350141, guid: 990537bcc8be197439cb3840b401ff96,
        type: 3}
      propertyPath: m_LocalRotation.z
      value: -0.7071068
      objectReference: {fileID: 0}
    - target: {fileID: 8002550811483350141, guid: 990537bcc8be197439cb3840b401ff96,
        type: 3}
      propertyPath: m_LocalRotation.w
      value: 0.7071068
      objectReference: {fileID: 0}
    - target: {fileID: 8002550811483350141, guid: 990537bcc8be197439cb3840b401ff96,
        type: 3}
      propertyPath: m_LocalPosition.x
      value: 223
      objectReference: {fileID: 0}
    - target: {fileID: 8002550811483350141, guid: 990537bcc8be197439cb3840b401ff96,
        type: 3}
      propertyPath: m_LocalPosition.y
      value: 24.9
      objectReference: {fileID: 0}
    - target: {fileID: 8002550811483350141, guid: 990537bcc8be197439cb3840b401ff96,
        type: 3}
      propertyPath: m_LocalEulerAnglesHint.z
      value: -90
      objectReference: {fileID: 0}
    m_RemovedComponents:
    - {fileID: 773850645274845686, guid: 990537bcc8be197439cb3840b401ff96, type: 3}
    - {fileID: 773850643922606201, guid: 990537bcc8be197439cb3840b401ff96, type: 3}
    - {fileID: 773850645951011999, guid: 990537bcc8be197439cb3840b401ff96, type: 3}
  m_SourcePrefab: {fileID: 100100000, guid: 990537bcc8be197439cb3840b401ff96, type: 3}
--- !u!1001 &2536488725865497123
PrefabInstance:
  m_ObjectHideFlags: 0
  serializedVersion: 2
  m_Modification:
    m_TransformParent: {fileID: 7370668280915362688}
    m_Modifications:
    - target: {fileID: 4713380141298770610, guid: 990537bcc8be197439cb3840b401ff96,
        type: 3}
      propertyPath: m_CastShadows
      value: 0
      objectReference: {fileID: 0}
    - target: {fileID: 4713380141298770610, guid: 990537bcc8be197439cb3840b401ff96,
        type: 3}
      propertyPath: m_MotionVectors
      value: 2
      objectReference: {fileID: 0}
    - target: {fileID: 4713380141298770610, guid: 990537bcc8be197439cb3840b401ff96,
        type: 3}
      propertyPath: m_RenderingLayerMask
      value: 4294967295
      objectReference: {fileID: 0}
    - target: {fileID: 4713380142105811773, guid: 990537bcc8be197439cb3840b401ff96,
        type: 3}
      propertyPath: m_CastShadows
      value: 0
      objectReference: {fileID: 0}
    - target: {fileID: 4713380142105811773, guid: 990537bcc8be197439cb3840b401ff96,
        type: 3}
      propertyPath: m_MotionVectors
      value: 2
      objectReference: {fileID: 0}
    - target: {fileID: 4713380142105811773, guid: 990537bcc8be197439cb3840b401ff96,
        type: 3}
      propertyPath: m_RenderingLayerMask
      value: 4294967295
      objectReference: {fileID: 0}
    - target: {fileID: 4713380142755702356, guid: 990537bcc8be197439cb3840b401ff96,
        type: 3}
      propertyPath: m_CastShadows
      value: 0
      objectReference: {fileID: 0}
    - target: {fileID: 4713380142755702356, guid: 990537bcc8be197439cb3840b401ff96,
        type: 3}
      propertyPath: m_MotionVectors
      value: 2
      objectReference: {fileID: 0}
    - target: {fileID: 4713380142755702356, guid: 990537bcc8be197439cb3840b401ff96,
        type: 3}
      propertyPath: m_RenderingLayerMask
      value: 4294967295
      objectReference: {fileID: 0}
    - target: {fileID: 6437223079101289096, guid: 990537bcc8be197439cb3840b401ff96,
        type: 3}
      propertyPath: m_Name
      value: MiddleFinger
      objectReference: {fileID: 0}
    - target: {fileID: 8002550811061231771, guid: 990537bcc8be197439cb3840b401ff96,
        type: 3}
      propertyPath: m_LocalPosition.x
      value: 779.2
      objectReference: {fileID: 0}
    - target: {fileID: 8002550811061231771, guid: 990537bcc8be197439cb3840b401ff96,
        type: 3}
      propertyPath: m_LocalPosition.y
      value: 86.2
      objectReference: {fileID: 0}
    - target: {fileID: 8002550811061231771, guid: 990537bcc8be197439cb3840b401ff96,
        type: 3}
      propertyPath: m_LocalPosition.z
      value: -13.8
      objectReference: {fileID: 0}
    - target: {fileID: 8002550811061231771, guid: 990537bcc8be197439cb3840b401ff96,
        type: 3}
      propertyPath: m_LocalRotation.x
      value: 0
      objectReference: {fileID: 0}
    - target: {fileID: 8002550811061231771, guid: 990537bcc8be197439cb3840b401ff96,
        type: 3}
      propertyPath: m_LocalRotation.y
      value: 0
      objectReference: {fileID: 0}
    - target: {fileID: 8002550811061231771, guid: 990537bcc8be197439cb3840b401ff96,
        type: 3}
      propertyPath: m_LocalRotation.z
      value: -0.38268343
      objectReference: {fileID: 0}
    - target: {fileID: 8002550811061231771, guid: 990537bcc8be197439cb3840b401ff96,
        type: 3}
      propertyPath: m_LocalRotation.w
      value: 0.92387956
      objectReference: {fileID: 0}
    - target: {fileID: 8002550811061231771, guid: 990537bcc8be197439cb3840b401ff96,
        type: 3}
      propertyPath: m_RootOrder
      value: 1
      objectReference: {fileID: 0}
    - target: {fileID: 8002550811061231771, guid: 990537bcc8be197439cb3840b401ff96,
        type: 3}
      propertyPath: m_LocalEulerAnglesHint.x
      value: 0
      objectReference: {fileID: 0}
    - target: {fileID: 8002550811061231771, guid: 990537bcc8be197439cb3840b401ff96,
        type: 3}
      propertyPath: m_LocalEulerAnglesHint.y
      value: 0
      objectReference: {fileID: 0}
    - target: {fileID: 8002550811061231771, guid: 990537bcc8be197439cb3840b401ff96,
        type: 3}
      propertyPath: m_LocalEulerAnglesHint.z
      value: -45
      objectReference: {fileID: 0}
    - target: {fileID: 8002550811483350141, guid: 990537bcc8be197439cb3840b401ff96,
        type: 3}
      propertyPath: m_LocalRotation.y
      value: 0
      objectReference: {fileID: 0}
    - target: {fileID: 8002550811483350141, guid: 990537bcc8be197439cb3840b401ff96,
        type: 3}
      propertyPath: m_LocalRotation.z
      value: -0.7071068
      objectReference: {fileID: 0}
    - target: {fileID: 8002550811483350141, guid: 990537bcc8be197439cb3840b401ff96,
        type: 3}
      propertyPath: m_LocalRotation.w
      value: 0.7071068
      objectReference: {fileID: 0}
    - target: {fileID: 8002550811483350141, guid: 990537bcc8be197439cb3840b401ff96,
        type: 3}
      propertyPath: m_LocalPosition.x
      value: 215.4
      objectReference: {fileID: 0}
    - target: {fileID: 8002550811483350141, guid: 990537bcc8be197439cb3840b401ff96,
        type: 3}
      propertyPath: m_LocalPosition.y
      value: 24.3
      objectReference: {fileID: 0}
    - target: {fileID: 8002550811483350141, guid: 990537bcc8be197439cb3840b401ff96,
        type: 3}
      propertyPath: m_LocalPosition.z
      value: -0
      objectReference: {fileID: 0}
    - target: {fileID: 8002550811483350141, guid: 990537bcc8be197439cb3840b401ff96,
        type: 3}
      propertyPath: m_LocalEulerAnglesHint.z
      value: -90
      objectReference: {fileID: 0}
    m_RemovedComponents:
    - {fileID: 773850645951011999, guid: 990537bcc8be197439cb3840b401ff96, type: 3}
    - {fileID: 773850643922606201, guid: 990537bcc8be197439cb3840b401ff96, type: 3}
    - {fileID: 773850645274845686, guid: 990537bcc8be197439cb3840b401ff96, type: 3}
    - {fileID: 773850645951011999, guid: 990537bcc8be197439cb3840b401ff96, type: 3}
    - {fileID: 773850643922606201, guid: 990537bcc8be197439cb3840b401ff96, type: 3}
    - {fileID: 773850645274845686, guid: 990537bcc8be197439cb3840b401ff96, type: 3}
    - {fileID: 773850645951011999, guid: 990537bcc8be197439cb3840b401ff96, type: 3}
    - {fileID: 773850643922606201, guid: 990537bcc8be197439cb3840b401ff96, type: 3}
    - {fileID: 773850645274845686, guid: 990537bcc8be197439cb3840b401ff96, type: 3}
    - {fileID: 773850645951011999, guid: 990537bcc8be197439cb3840b401ff96, type: 3}
    - {fileID: 773850643922606201, guid: 990537bcc8be197439cb3840b401ff96, type: 3}
    - {fileID: 773850645274845686, guid: 990537bcc8be197439cb3840b401ff96, type: 3}
  m_SourcePrefab: {fileID: 100100000, guid: 990537bcc8be197439cb3840b401ff96, type: 3}
--- !u!1001 &2536488725929239519
PrefabInstance:
  m_ObjectHideFlags: 0
  serializedVersion: 2
  m_Modification:
    m_TransformParent: {fileID: 7370668280915362688}
    m_Modifications:
    - target: {fileID: 4713380141298770610, guid: 990537bcc8be197439cb3840b401ff96,
        type: 3}
      propertyPath: m_CastShadows
      value: 0
      objectReference: {fileID: 0}
    - target: {fileID: 4713380141298770610, guid: 990537bcc8be197439cb3840b401ff96,
        type: 3}
      propertyPath: m_MotionVectors
      value: 2
      objectReference: {fileID: 0}
    - target: {fileID: 4713380141298770610, guid: 990537bcc8be197439cb3840b401ff96,
        type: 3}
      propertyPath: m_RenderingLayerMask
      value: 4294967295
      objectReference: {fileID: 0}
    - target: {fileID: 4713380142105811773, guid: 990537bcc8be197439cb3840b401ff96,
        type: 3}
      propertyPath: m_CastShadows
      value: 0
      objectReference: {fileID: 0}
    - target: {fileID: 4713380142105811773, guid: 990537bcc8be197439cb3840b401ff96,
        type: 3}
      propertyPath: m_MotionVectors
      value: 2
      objectReference: {fileID: 0}
    - target: {fileID: 4713380142105811773, guid: 990537bcc8be197439cb3840b401ff96,
        type: 3}
      propertyPath: m_RenderingLayerMask
      value: 4294967295
      objectReference: {fileID: 0}
    - target: {fileID: 4713380142755702356, guid: 990537bcc8be197439cb3840b401ff96,
        type: 3}
      propertyPath: m_CastShadows
      value: 0
      objectReference: {fileID: 0}
    - target: {fileID: 4713380142755702356, guid: 990537bcc8be197439cb3840b401ff96,
        type: 3}
      propertyPath: m_MotionVectors
      value: 2
      objectReference: {fileID: 0}
    - target: {fileID: 4713380142755702356, guid: 990537bcc8be197439cb3840b401ff96,
        type: 3}
      propertyPath: m_RenderingLayerMask
      value: 4294967295
      objectReference: {fileID: 0}
    - target: {fileID: 6437223079101289096, guid: 990537bcc8be197439cb3840b401ff96,
        type: 3}
      propertyPath: m_Name
      value: OtherFinger
      objectReference: {fileID: 0}
    - target: {fileID: 8002550811061231771, guid: 990537bcc8be197439cb3840b401ff96,
        type: 3}
      propertyPath: m_LocalPosition.x
      value: 779
      objectReference: {fileID: 0}
    - target: {fileID: 8002550811061231771, guid: 990537bcc8be197439cb3840b401ff96,
        type: 3}
      propertyPath: m_LocalPosition.y
      value: 86.4
      objectReference: {fileID: 0}
    - target: {fileID: 8002550811061231771, guid: 990537bcc8be197439cb3840b401ff96,
        type: 3}
      propertyPath: m_LocalPosition.z
      value: 88.7
      objectReference: {fileID: 0}
    - target: {fileID: 8002550811061231771, guid: 990537bcc8be197439cb3840b401ff96,
        type: 3}
      propertyPath: m_LocalRotation.x
      value: 0
      objectReference: {fileID: 0}
    - target: {fileID: 8002550811061231771, guid: 990537bcc8be197439cb3840b401ff96,
        type: 3}
      propertyPath: m_LocalRotation.y
      value: 0
      objectReference: {fileID: 0}
    - target: {fileID: 8002550811061231771, guid: 990537bcc8be197439cb3840b401ff96,
        type: 3}
      propertyPath: m_LocalRotation.z
      value: -0.38268343
      objectReference: {fileID: 0}
    - target: {fileID: 8002550811061231771, guid: 990537bcc8be197439cb3840b401ff96,
        type: 3}
      propertyPath: m_LocalRotation.w
      value: 0.92387956
      objectReference: {fileID: 0}
    - target: {fileID: 8002550811061231771, guid: 990537bcc8be197439cb3840b401ff96,
        type: 3}
      propertyPath: m_RootOrder
      value: 2
      objectReference: {fileID: 0}
    - target: {fileID: 8002550811061231771, guid: 990537bcc8be197439cb3840b401ff96,
        type: 3}
      propertyPath: m_LocalEulerAnglesHint.x
      value: 0
      objectReference: {fileID: 0}
    - target: {fileID: 8002550811061231771, guid: 990537bcc8be197439cb3840b401ff96,
        type: 3}
      propertyPath: m_LocalEulerAnglesHint.y
      value: 0
      objectReference: {fileID: 0}
    - target: {fileID: 8002550811061231771, guid: 990537bcc8be197439cb3840b401ff96,
        type: 3}
      propertyPath: m_LocalEulerAnglesHint.z
      value: -45
      objectReference: {fileID: 0}
    - target: {fileID: 8002550811061231771, guid: 990537bcc8be197439cb3840b401ff96,
        type: 3}
      propertyPath: m_LocalScale.x
      value: 0.95
      objectReference: {fileID: 0}
    - target: {fileID: 8002550811483350141, guid: 990537bcc8be197439cb3840b401ff96,
        type: 3}
      propertyPath: m_LocalRotation.y
      value: 0
      objectReference: {fileID: 0}
    - target: {fileID: 8002550811483350141, guid: 990537bcc8be197439cb3840b401ff96,
        type: 3}
      propertyPath: m_LocalRotation.z
      value: -0.7071068
      objectReference: {fileID: 0}
    - target: {fileID: 8002550811483350141, guid: 990537bcc8be197439cb3840b401ff96,
        type: 3}
      propertyPath: m_LocalRotation.w
      value: 0.7071068
      objectReference: {fileID: 0}
    - target: {fileID: 8002550811483350141, guid: 990537bcc8be197439cb3840b401ff96,
        type: 3}
      propertyPath: m_LocalPosition.x
      value: 217
      objectReference: {fileID: 0}
    - target: {fileID: 8002550811483350141, guid: 990537bcc8be197439cb3840b401ff96,
        type: 3}
      propertyPath: m_LocalPosition.y
      value: 20.6
      objectReference: {fileID: 0}
    - target: {fileID: 8002550811483350141, guid: 990537bcc8be197439cb3840b401ff96,
        type: 3}
      propertyPath: m_LocalPosition.z
      value: -0
      objectReference: {fileID: 0}
    - target: {fileID: 8002550811483350141, guid: 990537bcc8be197439cb3840b401ff96,
        type: 3}
      propertyPath: m_LocalEulerAnglesHint.z
      value: -90
      objectReference: {fileID: 0}
    m_RemovedComponents:
    - {fileID: 773850645274845686, guid: 990537bcc8be197439cb3840b401ff96, type: 3}
    - {fileID: 773850643922606201, guid: 990537bcc8be197439cb3840b401ff96, type: 3}
    - {fileID: 773850645951011999, guid: 990537bcc8be197439cb3840b401ff96, type: 3}
  m_SourcePrefab: {fileID: 100100000, guid: 990537bcc8be197439cb3840b401ff96, type: 3}
--- !u!1001 &2536488726289423419
PrefabInstance:
  m_ObjectHideFlags: 0
  serializedVersion: 2
  m_Modification:
    m_TransformParent: {fileID: 7370668280915362688}
    m_Modifications:
    - target: {fileID: -4216859302048453862, guid: 0cd9252cedada45448ef224d9e046c80,
        type: 3}
      propertyPath: m_LocalPosition.x
      value: 576
      objectReference: {fileID: 0}
    - target: {fileID: -4216859302048453862, guid: 0cd9252cedada45448ef224d9e046c80,
        type: 3}
      propertyPath: m_LocalPosition.y
      value: -108
      objectReference: {fileID: 0}
    - target: {fileID: -4216859302048453862, guid: 0cd9252cedada45448ef224d9e046c80,
        type: 3}
      propertyPath: m_LocalPosition.z
      value: -177.1
      objectReference: {fileID: 0}
    - target: {fileID: -4216859302048453862, guid: 0cd9252cedada45448ef224d9e046c80,
        type: 3}
      propertyPath: m_LocalRotation.x
      value: -0.701916
      objectReference: {fileID: 0}
    - target: {fileID: -4216859302048453862, guid: 0cd9252cedada45448ef224d9e046c80,
        type: 3}
      propertyPath: m_LocalRotation.y
      value: 0.09984616
      objectReference: {fileID: 0}
    - target: {fileID: -4216859302048453862, guid: 0cd9252cedada45448ef224d9e046c80,
        type: 3}
      propertyPath: m_LocalRotation.z
      value: -0.034485295
      objectReference: {fileID: 0}
    - target: {fileID: -4216859302048453862, guid: 0cd9252cedada45448ef224d9e046c80,
        type: 3}
      propertyPath: m_LocalRotation.w
      value: 0.7043831
      objectReference: {fileID: 0}
    - target: {fileID: -4216859302048453862, guid: 0cd9252cedada45448ef224d9e046c80,
        type: 3}
      propertyPath: m_RootOrder
      value: 4
      objectReference: {fileID: 0}
    - target: {fileID: -4216859302048453862, guid: 0cd9252cedada45448ef224d9e046c80,
        type: 3}
      propertyPath: m_LocalEulerAnglesHint.x
      value: -79.097
      objectReference: {fileID: 0}
    - target: {fileID: -4216859302048453862, guid: 0cd9252cedada45448ef224d9e046c80,
        type: 3}
      propertyPath: m_LocalEulerAnglesHint.y
      value: 91.609
      objectReference: {fileID: 0}
    - target: {fileID: -4216859302048453862, guid: 0cd9252cedada45448ef224d9e046c80,
        type: 3}
      propertyPath: m_LocalEulerAnglesHint.z
      value: -86.287
      objectReference: {fileID: 0}
    - target: {fileID: -1504981713932161579, guid: 0cd9252cedada45448ef224d9e046c80,
        type: 3}
      propertyPath: m_CastShadows
      value: 0
      objectReference: {fileID: 0}
    - target: {fileID: -1504981713932161579, guid: 0cd9252cedada45448ef224d9e046c80,
        type: 3}
      propertyPath: m_MotionVectors
      value: 2
      objectReference: {fileID: 0}
    - target: {fileID: -1504981713932161579, guid: 0cd9252cedada45448ef224d9e046c80,
        type: 3}
      propertyPath: m_RenderingLayerMask
      value: 4294967295
      objectReference: {fileID: 0}
    - target: {fileID: -927199367670048503, guid: 0cd9252cedada45448ef224d9e046c80,
        type: 3}
      propertyPath: m_Name
      value: ThumbJoint_diffuse
      objectReference: {fileID: 0}
    m_RemovedComponents:
    - {fileID: -6860895033569716450, guid: 0cd9252cedada45448ef224d9e046c80, type: 3}
  m_SourcePrefab: {fileID: 100100000, guid: 0cd9252cedada45448ef224d9e046c80, type: 3}
--- !u!4 &7370668282016839457 stripped
Transform:
  m_CorrespondingSourceObject: {fileID: -4216859302048453862, guid: 0cd9252cedada45448ef224d9e046c80,
    type: 3}
  m_PrefabInstance: {fileID: 2536488726289423419}
  m_PrefabAsset: {fileID: 0}
--- !u!1001 &2536488726609672637
PrefabInstance:
  m_ObjectHideFlags: 0
  serializedVersion: 2
  m_Modification:
    m_TransformParent: {fileID: 7370668282875593743}
    m_Modifications:
    - target: {fileID: -4216859302048453862, guid: 58441b0b181ce0547a3d4a0ccf34f4ca,
        type: 3}
      propertyPath: m_LocalPosition.x
      value: 151.2
      objectReference: {fileID: 0}
    - target: {fileID: -4216859302048453862, guid: 58441b0b181ce0547a3d4a0ccf34f4ca,
        type: 3}
      propertyPath: m_LocalPosition.y
      value: 16.8
      objectReference: {fileID: 0}
    - target: {fileID: -4216859302048453862, guid: 58441b0b181ce0547a3d4a0ccf34f4ca,
        type: 3}
      propertyPath: m_LocalPosition.z
      value: -0
      objectReference: {fileID: 0}
    - target: {fileID: -4216859302048453862, guid: 58441b0b181ce0547a3d4a0ccf34f4ca,
        type: 3}
      propertyPath: m_LocalRotation.x
      value: 0.000000032812295
      objectReference: {fileID: 0}
    - target: {fileID: -4216859302048453862, guid: 58441b0b181ce0547a3d4a0ccf34f4ca,
        type: 3}
      propertyPath: m_LocalRotation.y
      value: -0.00000018652966
      objectReference: {fileID: 0}
    - target: {fileID: -4216859302048453862, guid: 58441b0b181ce0547a3d4a0ccf34f4ca,
        type: 3}
      propertyPath: m_LocalRotation.z
      value: -0.5534192
      objectReference: {fileID: 0}
    - target: {fileID: -4216859302048453862, guid: 58441b0b181ce0547a3d4a0ccf34f4ca,
        type: 3}
      propertyPath: m_LocalRotation.w
      value: 0.83290297
      objectReference: {fileID: 0}
    - target: {fileID: -4216859302048453862, guid: 58441b0b181ce0547a3d4a0ccf34f4ca,
        type: 3}
      propertyPath: m_RootOrder
      value: 0
      objectReference: {fileID: 0}
    - target: {fileID: -4216859302048453862, guid: 58441b0b181ce0547a3d4a0ccf34f4ca,
        type: 3}
      propertyPath: m_LocalEulerAnglesHint.x
      value: 0
      objectReference: {fileID: 0}
    - target: {fileID: -4216859302048453862, guid: 58441b0b181ce0547a3d4a0ccf34f4ca,
        type: 3}
      propertyPath: m_LocalEulerAnglesHint.y
      value: 0
      objectReference: {fileID: 0}
    - target: {fileID: -4216859302048453862, guid: 58441b0b181ce0547a3d4a0ccf34f4ca,
        type: 3}
      propertyPath: m_LocalEulerAnglesHint.z
      value: -67.204
      objectReference: {fileID: 0}
    - target: {fileID: -1504981713932161579, guid: 58441b0b181ce0547a3d4a0ccf34f4ca,
        type: 3}
      propertyPath: m_CastShadows
      value: 0
      objectReference: {fileID: 0}
    - target: {fileID: -1504981713932161579, guid: 58441b0b181ce0547a3d4a0ccf34f4ca,
        type: 3}
      propertyPath: m_MotionVectors
      value: 2
      objectReference: {fileID: 0}
    - target: {fileID: -1504981713932161579, guid: 58441b0b181ce0547a3d4a0ccf34f4ca,
        type: 3}
      propertyPath: m_RenderingLayerMask
      value: 4294967295
      objectReference: {fileID: 0}
    - target: {fileID: -927199367670048503, guid: 58441b0b181ce0547a3d4a0ccf34f4ca,
        type: 3}
      propertyPath: m_Name
      value: FingerTip
      objectReference: {fileID: 0}
    m_RemovedComponents:
    - {fileID: -6860895033569716450, guid: 58441b0b181ce0547a3d4a0ccf34f4ca, type: 3}
  m_SourcePrefab: {fileID: 100100000, guid: 58441b0b181ce0547a3d4a0ccf34f4ca, type: 3}
--- !u!1001 &2536488726672332668
PrefabInstance:
  m_ObjectHideFlags: 0
  serializedVersion: 2
  m_Modification:
    m_TransformParent: {fileID: 7370668280915362688}
    m_Modifications:
    - target: {fileID: -4216859302048453862, guid: 3513d11beb13f524a8948b0fe1fa3358,
        type: 3}
      propertyPath: m_LocalPosition.x
      value: 116
      objectReference: {fileID: 0}
    - target: {fileID: -4216859302048453862, guid: 3513d11beb13f524a8948b0fe1fa3358,
        type: 3}
      propertyPath: m_LocalPosition.y
      value: 16.3
      objectReference: {fileID: 0}
    - target: {fileID: -4216859302048453862, guid: 3513d11beb13f524a8948b0fe1fa3358,
        type: 3}
      propertyPath: m_LocalPosition.z
      value: 35
      objectReference: {fileID: 0}
    - target: {fileID: -4216859302048453862, guid: 3513d11beb13f524a8948b0fe1fa3358,
        type: 3}
      propertyPath: m_LocalRotation.x
      value: 0
      objectReference: {fileID: 0}
    - target: {fileID: -4216859302048453862, guid: 3513d11beb13f524a8948b0fe1fa3358,
        type: 3}
      propertyPath: m_LocalRotation.y
      value: 0
      objectReference: {fileID: 0}
    - target: {fileID: -4216859302048453862, guid: 3513d11beb13f524a8948b0fe1fa3358,
        type: 3}
      propertyPath: m_LocalRotation.z
      value: 0
      objectReference: {fileID: 0}
    - target: {fileID: -4216859302048453862, guid: 3513d11beb13f524a8948b0fe1fa3358,
        type: 3}
      propertyPath: m_LocalRotation.w
      value: 1
      objectReference: {fileID: 0}
    - target: {fileID: -4216859302048453862, guid: 3513d11beb13f524a8948b0fe1fa3358,
        type: 3}
      propertyPath: m_RootOrder
      value: 5
      objectReference: {fileID: 0}
    - target: {fileID: -4216859302048453862, guid: 3513d11beb13f524a8948b0fe1fa3358,
        type: 3}
      propertyPath: m_LocalEulerAnglesHint.x
      value: 0
      objectReference: {fileID: 0}
    - target: {fileID: -4216859302048453862, guid: 3513d11beb13f524a8948b0fe1fa3358,
        type: 3}
      propertyPath: m_LocalEulerAnglesHint.y
      value: 0
      objectReference: {fileID: 0}
    - target: {fileID: -4216859302048453862, guid: 3513d11beb13f524a8948b0fe1fa3358,
        type: 3}
      propertyPath: m_LocalEulerAnglesHint.z
      value: 0
      objectReference: {fileID: 0}
    - target: {fileID: -1504981713932161579, guid: 3513d11beb13f524a8948b0fe1fa3358,
        type: 3}
      propertyPath: m_CastShadows
      value: 0
      objectReference: {fileID: 0}
    - target: {fileID: -1504981713932161579, guid: 3513d11beb13f524a8948b0fe1fa3358,
        type: 3}
      propertyPath: m_MotionVectors
      value: 2
      objectReference: {fileID: 0}
    - target: {fileID: -1504981713932161579, guid: 3513d11beb13f524a8948b0fe1fa3358,
        type: 3}
      propertyPath: m_RenderingLayerMask
      value: 4294967295
      objectReference: {fileID: 0}
    - target: {fileID: -927199367670048503, guid: 3513d11beb13f524a8948b0fe1fa3358,
        type: 3}
      propertyPath: m_Name
      value: Watch
      objectReference: {fileID: 0}
    m_RemovedComponents:
    - {fileID: -6860895033569716450, guid: 3513d11beb13f524a8948b0fe1fa3358, type: 3}
  m_SourcePrefab: {fileID: 100100000, guid: 3513d11beb13f524a8948b0fe1fa3358, type: 3}
--- !u!4 &7370668282431405158 stripped
Transform:
  m_CorrespondingSourceObject: {fileID: -4216859302048453862, guid: 3513d11beb13f524a8948b0fe1fa3358,
    type: 3}
  m_PrefabInstance: {fileID: 2536488726672332668}
  m_PrefabAsset: {fileID: 0}
--- !u!1001 &2536488727166873365
PrefabInstance:
  m_ObjectHideFlags: 0
  serializedVersion: 2
  m_Modification:
    m_TransformParent: {fileID: 7370668282016839457}
    m_Modifications:
    - target: {fileID: -4216859302048453862, guid: 09b7a469b22348e429d42f3611c17f23,
        type: 3}
      propertyPath: m_LocalPosition.x
      value: 226.6
      objectReference: {fileID: 0}
    - target: {fileID: -4216859302048453862, guid: 09b7a469b22348e429d42f3611c17f23,
        type: 3}
      propertyPath: m_LocalPosition.y
      value: 17.3
      objectReference: {fileID: 0}
    - target: {fileID: -4216859302048453862, guid: 09b7a469b22348e429d42f3611c17f23,
        type: 3}
      propertyPath: m_LocalPosition.z
      value: 11
      objectReference: {fileID: 0}
    - target: {fileID: -4216859302048453862, guid: 09b7a469b22348e429d42f3611c17f23,
        type: 3}
      propertyPath: m_LocalRotation.x
      value: -0
      objectReference: {fileID: 0}
    - target: {fileID: -4216859302048453862, guid: 09b7a469b22348e429d42f3611c17f23,
        type: 3}
      propertyPath: m_LocalRotation.y
      value: -0.000000052154057
      objectReference: {fileID: 0}
    - target: {fileID: -4216859302048453862, guid: 09b7a469b22348e429d42f3611c17f23,
        type: 3}
      propertyPath: m_LocalRotation.z
      value: -0.16836272
      objectReference: {fileID: 0}
    - target: {fileID: -4216859302048453862, guid: 09b7a469b22348e429d42f3611c17f23,
        type: 3}
      propertyPath: m_LocalRotation.w
      value: 0.98572516
      objectReference: {fileID: 0}
    - target: {fileID: -4216859302048453862, guid: 09b7a469b22348e429d42f3611c17f23,
        type: 3}
      propertyPath: m_RootOrder
      value: 0
      objectReference: {fileID: 0}
    - target: {fileID: -4216859302048453862, guid: 09b7a469b22348e429d42f3611c17f23,
        type: 3}
      propertyPath: m_LocalEulerAnglesHint.x
      value: 0
      objectReference: {fileID: 0}
    - target: {fileID: -4216859302048453862, guid: 09b7a469b22348e429d42f3611c17f23,
        type: 3}
      propertyPath: m_LocalEulerAnglesHint.y
      value: 0
      objectReference: {fileID: 0}
    - target: {fileID: -4216859302048453862, guid: 09b7a469b22348e429d42f3611c17f23,
        type: 3}
      propertyPath: m_LocalEulerAnglesHint.z
      value: -19.385
      objectReference: {fileID: 0}
    - target: {fileID: -4216859302048453862, guid: 09b7a469b22348e429d42f3611c17f23,
        type: 3}
      propertyPath: m_LocalScale.x
      value: 0.8
      objectReference: {fileID: 0}
    - target: {fileID: -1504981713932161579, guid: 09b7a469b22348e429d42f3611c17f23,
        type: 3}
      propertyPath: m_CastShadows
      value: 0
      objectReference: {fileID: 0}
    - target: {fileID: -1504981713932161579, guid: 09b7a469b22348e429d42f3611c17f23,
        type: 3}
      propertyPath: m_MotionVectors
      value: 2
      objectReference: {fileID: 0}
    - target: {fileID: -1504981713932161579, guid: 09b7a469b22348e429d42f3611c17f23,
        type: 3}
      propertyPath: m_RenderingLayerMask
      value: 4294967295
      objectReference: {fileID: 0}
    - target: {fileID: -927199367670048503, guid: 09b7a469b22348e429d42f3611c17f23,
        type: 3}
      propertyPath: m_Name
      value: FingerJointUpper (1)
      objectReference: {fileID: 0}
    m_RemovedComponents:
    - {fileID: -6860895033569716450, guid: 09b7a469b22348e429d42f3611c17f23, type: 3}
  m_SourcePrefab: {fileID: 100100000, guid: 09b7a469b22348e429d42f3611c17f23, type: 3}
--- !u!4 &7370668282875593743 stripped
Transform:
  m_CorrespondingSourceObject: {fileID: -4216859302048453862, guid: 09b7a469b22348e429d42f3611c17f23,
    type: 3}
  m_PrefabInstance: {fileID: 2536488727166873365}
  m_PrefabAsset: {fileID: 0}
