%YAML 1.1
%TAG !u! tag:unity3d.com,2011:
--- !u!1 &1226827263282976229
GameObject:
  m_ObjectHideFlags: 0
  m_CorrespondingSourceObject: {fileID: 0}
  m_PrefabInstance: {fileID: 0}
  m_PrefabAsset: {fileID: 0}
  serializedVersion: 6
  m_Component:
  - component: {fileID: 1895241703792529247}
  - component: {fileID: 3306376447785976058}
  - component: {fileID: 722384179224949808}
  - component: {fileID: 3612780782797397692}
  - component: {fileID: -2777064882351294973}
  - component: {fileID: 3463873514450530455}
  m_Layer: 0
  m_Name: Sponge
  m_TagString: Untagged
  m_Icon: {fileID: 0}
  m_NavMeshLayer: 0
  m_StaticEditorFlags: 0
  m_IsActive: 1
--- !u!4 &1895241703792529247
Transform:
  m_ObjectHideFlags: 0
  m_CorrespondingSourceObject: {fileID: 0}
  m_PrefabInstance: {fileID: 0}
  m_PrefabAsset: {fileID: 0}
  m_GameObject: {fileID: 1226827263282976229}
  m_LocalRotation: {x: -0, y: -0, z: -0, w: 1}
  m_LocalPosition: {x: -4.464245, y: 0.955, z: -0.76527405}
  m_LocalScale: {x: 1, y: 1, z: 1}
  m_Children: []
  m_Father: {fileID: 0}
  m_RootOrder: 0
  m_LocalEulerAnglesHint: {x: 0, y: 0, z: 0}
--- !u!33 &3306376447785976058
MeshFilter:
  m_ObjectHideFlags: 0
  m_CorrespondingSourceObject: {fileID: 0}
  m_PrefabInstance: {fileID: 0}
  m_PrefabAsset: {fileID: 0}
  m_GameObject: {fileID: 1226827263282976229}
  m_Mesh: {fileID: -3320056244141305073, guid: 8c423966d439b2c4e81e061696b8df3f, type: 3}
--- !u!23 &722384179224949808
MeshRenderer:
  m_ObjectHideFlags: 0
  m_CorrespondingSourceObject: {fileID: 0}
  m_PrefabInstance: {fileID: 0}
  m_PrefabAsset: {fileID: 0}
  m_GameObject: {fileID: 1226827263282976229}
  m_Enabled: 1
  m_CastShadows: 1
  m_ReceiveShadows: 1
  m_DynamicOccludee: 1
  m_StaticShadowCaster: 0
  m_MotionVectors: 1
  m_LightProbeUsage: 1
  m_ReflectionProbeUsage: 1
  m_RayTracingMode: 2
  m_RayTraceProcedural: 0
  m_RenderingLayerMask: 257
  m_RendererPriority: 0
  m_Materials:
  - {fileID: 2100000, guid: 564e1b71dad000c468ec888b2c5a561c, type: 2}
  m_StaticBatchInfo:
    firstSubMesh: 0
    subMeshCount: 0
  m_StaticBatchRoot: {fileID: 0}
  m_ProbeAnchor: {fileID: 0}
  m_LightProbeVolumeOverride: {fileID: 0}
  m_ScaleInLightmap: 1
  m_ReceiveGI: 1
  m_PreserveUVs: 0
  m_IgnoreNormalsForChartDetection: 0
  m_ImportantGI: 0
  m_StitchLightmapSeams: 1
  m_SelectedEditorRenderState: 3
  m_MinimumChartSize: 4
  m_AutoUVMaxDistance: 0.5
  m_AutoUVMaxAngle: 89
  m_LightmapParameters: {fileID: 0}
  m_SortingLayerID: 0
  m_SortingLayer: 0
  m_SortingOrder: 0
  m_AdditionalVertexStreams: {fileID: 0}
--- !u!64 &3612780782797397692
MeshCollider:
  m_ObjectHideFlags: 0
  m_CorrespondingSourceObject: {fileID: 0}
  m_PrefabInstance: {fileID: 0}
  m_PrefabAsset: {fileID: 0}
  m_GameObject: {fileID: 1226827263282976229}
  m_Material: {fileID: 0}
  m_IsTrigger: 0
  m_Enabled: 1
  serializedVersion: 4
  m_Convex: 1
  m_CookingOptions: 30
  m_Mesh: {fileID: -3320056244141305073, guid: 8c423966d439b2c4e81e061696b8df3f, type: 3}
--- !u!114 &-2777064882351294973
MonoBehaviour:
  m_ObjectHideFlags: 0
  m_CorrespondingSourceObject: {fileID: 0}
  m_PrefabInstance: {fileID: 0}
  m_PrefabAsset: {fileID: 0}
  m_GameObject: {fileID: 1226827263282976229}
  m_Enabled: 1
  m_EditorHideFlags: 0
  m_Script: {fileID: 11500000, guid: ff412bc5692e0224e8f0e6696be8fc6d, type: 3}
  m_Name: 
  m_EditorClassIdentifier: 
  name: controller
  id: 0
  meshes:
  - {fileID: 722384179224949808}
  lod: {fileID: 3463873514450530455}
  rb: {fileID: 0}
  coll: {fileID: 3612780782797397692}
  altColl: {fileID: 0}
  flash: {fileID: 0}
  doorMovement: {fileID: 0}
  secondaryDoorMovement: {fileID: 0}
  thirdDoorMovement: {fileID: 0}
  lightController: {fileID: 0}
  steam: {fileID: 0}
  computer: {fileID: 0}
  securitySystem: {fileID: 0}
  fileSystem: {fileID: 0}
  pages: []
  particleSystem: {fileID: 0}
  lockParentOverride: {fileID: 0}
  lockedInTransformOffset: {x: 0, y: 0, z: 0}
  enableSwitchSync: 0
  switchSyncObjects: []
  isVisible: 1
  isCarriedByPlayer: 0
  carryProgress: 0
  physicsOn: 0
  minimumPhysicsTime: 0
  damageEligable: 0
  wasTrigger: 0
  lookAtTarget: {fileID: 0}
  interactionWindow: {fileID: 0}
  isDoor: {fileID: 0}
  isActor: {fileID: 0}
  belongsTo: {fileID: 0}
  isPhone: 0
  phoneReciever: {fileID: 0}
  particleSystemDistance: 20
  debugInteractable: []
  debugAngle: 0
  debugFurnitureAnchorNodePos: {x: 0, y: 0, z: 0}
  debugLocalPos: {x: 0, y: 0, z: 0}
  debugLocalEuler: {x: 0, y: 0, z: 0}
  debugWorldPos: {x: 0, y: 0, z: 0}
  debugInteractablePredictedWorldPos: {x: 0, y: 0, z: 0}
  debugNodeCoord: {x: 0, y: 0, z: 0}
  debugUsagePoint:
    useSetting:
      usageOffset: {x: 0, y: 0, z: 0.35}
      facingOffset: {x: 0, y: 0, z: 0}
      useNodeFloorPosition: 1
      useDoorBehaviour: 0
      useSittingOffset: 0
      useArmsStandingOffset: 0
    useageWorldPosition: {x: 0, y: 0, z: 0}
    worldLookAtPoint: {x: 0, y: 0, z: 0}
    debugDefaultSlot: {fileID: 0}
    debugSlot1: {fileID: 0}
    debugSlot2: {fileID: 0}
    slotLog: []
  debugOwnedBy: {fileID: 0}
  debugWrittenBy: {fileID: 0}
  debugReceivedBy: {fileID: 0}
  debugFurnitureOwnedBy: []
  debugSwitchState: 0
  debugState1: 0
  debugRoom: {fileID: 0}
  debugVent:
    ventID: 0
    ventType: 0
    room: {fileID: 0}
    group: {fileID: 0}
    mapButton: {fileID: 0}
    discovered: 0
    removed: 0
    spawned: {fileID: 0}
    debugNode: {x: 0, y: 0, z: 0}
    debugRoomNode: {x: 0, y: 0, z: 0}
  willBeSavedWithCity: 0
  willBeSavedWithState: 0
  isMainLight: 0
--- !u!205 &3463873514450530455
LODGroup:
  m_ObjectHideFlags: 0
  m_CorrespondingSourceObject: {fileID: 0}
  m_PrefabInstance: {fileID: 0}
  m_PrefabAsset: {fileID: 0}
  m_GameObject: {fileID: 1226827263282976229}
  serializedVersion: 2
  m_LocalReferencePoint: {x: 0, y: 0.02, z: 0}
  m_Size: 0.19999999
  m_FadeMode: 0
  m_AnimateCrossFading: 0
  m_LastLODIsBillboard: 0
  m_LODs:
  - screenRelativeHeight: 0.01
    fadeTransitionWidth: 0
    renderers:
    - renderer: {fileID: 722384179224949808}
  m_Enabled: 1
