%YAML 1.1
%TAG !u! tag:unity3d.com,2011:
--- !u!1 &6228715438832758369
GameObject:
  m_ObjectHideFlags: 0
  m_CorrespondingSourceObject: {fileID: 0}
  m_PrefabInstance: {fileID: 0}
  m_PrefabAsset: {fileID: 0}
  serializedVersion: 6
  m_Component:
  - component: {fileID: 1823784428363724215}
  - component: {fileID: 549339789200031252}
  - component: {fileID: 6268561565437906797}
  - component: {fileID: 7665085311907641595}
  m_Layer: 0
  m_Name: Point Light
  m_TagString: Untagged
  m_Icon: {fileID: 0}
  m_NavMeshLayer: 0
  m_StaticEditorFlags: 0
  m_IsActive: 1
--- !u!4 &1823784428363724215
Transform:
  m_ObjectHideFlags: 0
  m_CorrespondingSourceObject: {fileID: 0}
  m_PrefabInstance: {fileID: 0}
  m_PrefabAsset: {fileID: 0}
  m_GameObject: {fileID: 6228715438832758369}
  m_LocalRotation: {x: 0, y: 0, z: 0, w: 1}
  m_LocalPosition: {x: 0, y: -0.282, z: 0}
  m_LocalScale: {x: 1, y: 1, z: 1}
  m_ConstrainProportionsScale: 0
  m_Children: []
  m_Father: {fileID: 7267775623769380516}
  m_RootOrder: 0
  m_LocalEulerAnglesHint: {x: 0, y: 0, z: 0}
--- !u!108 &549339789200031252
Light:
  m_ObjectHideFlags: 0
  m_CorrespondingSourceObject: {fileID: 0}
  m_PrefabInstance: {fileID: 0}
  m_PrefabAsset: {fileID: 0}
  m_GameObject: {fileID: 6228715438832758369}
  m_Enabled: 1
  serializedVersion: 10
  m_Type: 2
  m_Shape: 0
  m_Color: {r: 1, g: 1, b: 1, a: 1}
  m_Intensity: 47.746483
  m_Range: 10
  m_SpotAngle: 30
  m_InnerSpotAngle: 21.80208
  m_CookieSize: 10
  m_Shadows:
    m_Type: 1
    m_Resolution: -1
    m_CustomResolution: -1
    m_Strength: 1
    m_Bias: 0.05
    m_NormalBias: 0.4
    m_NearPlane: 0.2
    m_CullingMatrixOverride:
      e00: 1
      e01: 0
      e02: 0
      e03: 0
      e10: 0
      e11: 1
      e12: 0
      e13: 0
      e20: 0
      e21: 0
      e22: 1
      e23: 0
      e30: 0
      e31: 0
      e32: 0
      e33: 1
    m_UseCullingMatrixOverride: 0
  m_Cookie: {fileID: 0}
  m_DrawHalo: 0
  m_Flare: {fileID: 0}
  m_RenderMode: 0
  m_CullingMask:
    serializedVersion: 2
    m_Bits: 4294967295
  m_RenderingLayerMask: 1
  m_Lightmapping: 4
  m_LightShadowCasterMode: 2
  m_AreaSize: {x: 0.5, y: 0.5}
  m_BounceIntensity: 1
  m_ColorTemperature: 6570
  m_UseColorTemperature: 1
  m_BoundingSphereOverride: {x: 0, y: 0, z: 0, w: 0}
  m_UseBoundingSphereOverride: 0
  m_UseViewFrustumForShadowCasterCull: 1
  m_ShadowRadius: 0
  m_ShadowAngle: 0
--- !u!114 &6268561565437906797
MonoBehaviour:
  m_ObjectHideFlags: 0
  m_CorrespondingSourceObject: {fileID: 0}
  m_PrefabInstance: {fileID: 0}
  m_PrefabAsset: {fileID: 0}
  m_GameObject: {fileID: 6228715438832758369}
  m_Enabled: 1
  m_EditorHideFlags: 0
  m_Script: {fileID: 11500000, guid: 7a68c43fe1f2a47cfa234b5eeaa98012, type: 3}
  m_Name: 
  m_EditorClassIdentifier: 
  m_Intensity: 600
  m_EnableSpotReflector: 1
  m_LuxAtDistance: 1
  m_InnerSpotPercent: 0
  m_SpotIESCutoffPercent: 100
  m_LightDimmer: 1
  m_VolumetricDimmer: 1
  m_LightUnit: 0
  m_FadeDistance: 10000
  m_VolumetricFadeDistance: 20
  m_AffectDiffuse: 1
  m_AffectSpecular: 1
  m_NonLightmappedOnly: 0
  m_ShapeWidth: 0.5
  m_ShapeHeight: 0.5
  m_AspectRatio: 1
  m_ShapeRadius: 0.025
  m_SoftnessScale: 1
  m_UseCustomSpotLightShadowCone: 0
  m_CustomSpotLightShadowCone: 30
  m_MaxSmoothness: 0.99
  m_ApplyRangeAttenuation: 1
  m_DisplayAreaLightEmissiveMesh: 0
  m_AreaLightCookie: {fileID: 0}
  m_IESPoint: {fileID: 0}
  m_IESSpot: {fileID: 0}
  m_IncludeForRayTracing: 1
  m_AreaLightShadowCone: 120
  m_UseScreenSpaceShadows: 0
  m_InteractsWithSky: 1
  m_AngularDiameter: 0.5
  m_FlareSize: 2
  m_FlareTint: {r: 1, g: 1, b: 1, a: 1}
  m_FlareFalloff: 4
  m_SurfaceTexture: {fileID: 0}
  m_SurfaceTint: {r: 1, g: 1, b: 1, a: 1}
  m_Distance: 1.5e+11
  m_UseRayTracedShadows: 0
  m_NumRayTracingSamples: 4
  m_FilterTracedShadow: 1
  m_FilterSizeTraced: 16
  m_SunLightConeAngle: 0.5
  m_LightShadowRadius: 0.5
  m_SemiTransparentShadow: 0
  m_ColorShadow: 1
  m_DistanceBasedFiltering: 0
  m_EvsmExponent: 15
  m_EvsmLightLeakBias: 0
  m_EvsmVarianceBias: 0.00001
  m_EvsmBlurPasses: 0
  m_LightlayersMask: 1
  m_LinkShadowLayers: 0
  m_ShadowNearPlane: 0.46
  m_BlockerSampleCount: 24
  m_FilterSampleCount: 16
  m_MinFilterSize: 0.1
  m_KernelSize: 5
  m_LightAngle: 1
  m_MaxDepthBias: 0.001
  m_ShadowResolution:
    m_Override: 512
    m_UseOverride: 1
    m_Level: 0
  m_ShadowDimmer: 1
  m_VolumetricShadowDimmer: 1
  m_ShadowFadeDistance: 10000
  m_UseContactShadow:
    m_Override: 0
    m_UseOverride: 1
    m_Level: 0
  m_RayTracedContactShadow: 0
  m_ShadowTint: {r: 0, g: 0, b: 0, a: 1}
  m_PenumbraTint: 0
  m_NormalBias: 0.75
  m_SlopeBias: 0.5
  m_ShadowUpdateMode: 0
  m_AlwaysDrawDynamicShadows: 0
  m_UpdateShadowOnLightMovement: 0
  m_CachedShadowTranslationThreshold: 0.01
  m_CachedShadowAngularThreshold: 0.5
  m_BarnDoorAngle: 90
  m_BarnDoorLength: 0.05
  m_preserveCachedShadow: 0
  m_OnDemandShadowRenderOnPlacement: 1
  m_ShadowCascadeRatios:
  - 0.05
  - 0.2
  - 0.3
  m_ShadowCascadeBorders:
  - 0.2
  - 0.2
  - 0.2
  - 0.2
  m_ShadowAlgorithm: 0
  m_ShadowVariant: 0
  m_ShadowPrecision: 0
  useOldInspector: 0
  useVolumetric: 1
  featuresFoldout: 1
  m_AreaLightEmissiveMeshShadowCastingMode: 0
  m_AreaLightEmissiveMeshMotionVectorGenerationMode: 0
  m_AreaLightEmissiveMeshLayer: -1
  m_Version: 11
  m_ObsoleteShadowResolutionTier: 1
  m_ObsoleteUseShadowQualitySettings: 0
  m_ObsoleteCustomShadowResolution: 512
  m_ObsoleteContactShadows: 0
  m_PointlightHDType: 0
  m_SpotLightShape: 0
  m_AreaLightShape: 0
--- !u!114 &7665085311907641595
MonoBehaviour:
  m_ObjectHideFlags: 0
  m_CorrespondingSourceObject: {fileID: 0}
  m_PrefabInstance: {fileID: 0}
  m_PrefabAsset: {fileID: 0}
  m_GameObject: {fileID: 6228715438832758369}
  m_Enabled: 1
  m_EditorHideFlags: 0
  m_Script: {fileID: 11500000, guid: dbe1857e98a030e4eb2e3ac3625d09de, type: 3}
  m_Name: 
  m_EditorClassIdentifier: 
  isSetup: 0
  room: {fileID: 0}
  preset: {fileID: 11400000, guid: 20c52d9c82e332d438c0bbd76ffa50ad, type: 2}
  isOn: 1
  isUnscrewed: 0
  closedBreaker: 0
  isCulled: 0
  lightState: 1
  lightComponent: {fileID: 0}
  hdrpLightData: {fileID: 0}
  lightColour: {r: 0, g: 0, b: 0, a: 0}
  intensity: 1
  exteriorShadowLight: {fileID: 0}
  exteriorShadowLightHdrpData: {fileID: 0}
  rend: {fileID: 0}
  mat: {fileID: 0}
  useVolumetrics: 0
  useShadows: 0
  flicker: 0
  flickerColourMultiplier: 0
  pulseSpeed: 1
  ceilingFan: {fileID: 0}
  ceilingFanOn: 1
  ceilingFanSpeed: 0
--- !u!1 &8041040524388600862
GameObject:
  m_ObjectHideFlags: 0
  m_CorrespondingSourceObject: {fileID: 0}
  m_PrefabInstance: {fileID: 0}
  m_PrefabAsset: {fileID: 0}
  serializedVersion: 6
  m_Component:
  - component: {fileID: 7267775623769380516}
  - component: {fileID: 6013300531236919553}
  - component: {fileID: 8401324027097624011}
  - component: {fileID: 5526549918236542791}
  - component: {fileID: 345691764985051542}
  - component: {fileID: 2882179148208390047}
  m_Layer: 23
  m_Name: ModernDomedCeilingLight
  m_TagString: Untagged
  m_Icon: {fileID: 0}
  m_NavMeshLayer: 0
  m_StaticEditorFlags: 0
  m_IsActive: 1
--- !u!4 &7267775623769380516
Transform:
  m_ObjectHideFlags: 0
  m_CorrespondingSourceObject: {fileID: 0}
  m_PrefabInstance: {fileID: 0}
  m_PrefabAsset: {fileID: 0}
  m_GameObject: {fileID: 8041040524388600862}
  m_LocalRotation: {x: 0, y: 0, z: 0, w: 1}
  m_LocalPosition: {x: 4.180111, y: 4.0049996, z: -5.830864}
  m_LocalScale: {x: 1, y: 1, z: 1}
  m_ConstrainProportionsScale: 0
  m_Children:
  - {fileID: 1823784428363724215}
  m_Father: {fileID: 0}
  m_RootOrder: 0
  m_LocalEulerAnglesHint: {x: 0, y: 0, z: 0}
--- !u!33 &6013300531236919553
MeshFilter:
  m_ObjectHideFlags: 0
  m_CorrespondingSourceObject: {fileID: 0}
  m_PrefabInstance: {fileID: 0}
  m_PrefabAsset: {fileID: 0}
  m_GameObject: {fileID: 8041040524388600862}
  m_Mesh: {fileID: -356459335558632154, guid: be06cf3d98dae024e9cde47c7a08d56f, type: 3}
--- !u!23 &8401324027097624011
MeshRenderer:
  m_ObjectHideFlags: 0
  m_CorrespondingSourceObject: {fileID: 0}
  m_PrefabInstance: {fileID: 0}
  m_PrefabAsset: {fileID: 0}
  m_GameObject: {fileID: 8041040524388600862}
  m_Enabled: 1
  m_CastShadows: 1
  m_ReceiveShadows: 1
  m_DynamicOccludee: 1
  m_StaticShadowCaster: 0
  m_MotionVectors: 1
  m_LightProbeUsage: 1
  m_ReflectionProbeUsage: 1
  m_RayTracingMode: 2
  m_RayTraceProcedural: 0
  m_RenderingLayerMask: 257
  m_RendererPriority: 0
  m_Materials:
  - {fileID: 2100000, guid: 7df223aee00f032439c5d93f9b83da24, type: 2}
  m_StaticBatchInfo:
    firstSubMesh: 0
    subMeshCount: 0
  m_StaticBatchRoot: {fileID: 0}
  m_ProbeAnchor: {fileID: 0}
  m_LightProbeVolumeOverride: {fileID: 0}
  m_ScaleInLightmap: 1
  m_ReceiveGI: 1
  m_PreserveUVs: 0
  m_IgnoreNormalsForChartDetection: 0
  m_ImportantGI: 0
  m_StitchLightmapSeams: 1
  m_SelectedEditorRenderState: 3
  m_MinimumChartSize: 4
  m_AutoUVMaxDistance: 0.5
  m_AutoUVMaxAngle: 89
  m_LightmapParameters: {fileID: 0}
  m_SortingLayerID: 0
  m_SortingLayer: 0
  m_SortingOrder: 0
  m_AdditionalVertexStreams: {fileID: 0}
--- !u!64 &5526549918236542791
MeshCollider:
  m_ObjectHideFlags: 0
  m_CorrespondingSourceObject: {fileID: 0}
  m_PrefabInstance: {fileID: 0}
  m_PrefabAsset: {fileID: 0}
  m_GameObject: {fileID: 8041040524388600862}
  m_Material: {fileID: 0}
  m_IsTrigger: 0
  m_Enabled: 1
  serializedVersion: 4
  m_Convex: 1
  m_CookingOptions: 30
  m_Mesh: {fileID: -356459335558632154, guid: be06cf3d98dae024e9cde47c7a08d56f, type: 3}
--- !u!114 &345691764985051542
MonoBehaviour:
  m_ObjectHideFlags: 0
  m_CorrespondingSourceObject: {fileID: 0}
  m_PrefabInstance: {fileID: 0}
  m_PrefabAsset: {fileID: 0}
  m_GameObject: {fileID: 8041040524388600862}
  m_Enabled: 1
  m_EditorHideFlags: 0
  m_Script: {fileID: 11500000, guid: ff412bc5692e0224e8f0e6696be8fc6d, type: 3}
  m_Name: 
  m_EditorClassIdentifier: 
  id: 0
  meshes:
  - {fileID: 8401324027097624011}
  lod: {fileID: 2882179148208390047}
  rb: {fileID: 0}
  coll: {fileID: 5526549918236542791}
  altColl: {fileID: 0}
  additionalPhysicsOnlyColliders: []
  alternativePhysicsParent: {fileID: 0}
  flash: {fileID: 0}
  doorMovement: {fileID: 0}
  secondaryDoorMovement: {fileID: 0}
  thirdDoorMovement: {fileID: 0}
  lightController: {fileID: 7665085311907641595}
  steam: {fileID: 0}
  computer: {fileID: 0}
  securitySystem: {fileID: 0}
  fileSystem: {fileID: 0}
  decalProjector: {fileID: 0}
  pages: []
  partSystem: {fileID: 0}
  lockParentOverride: {fileID: 0}
  lockedInTransformOffset: {x: 0, y: 0, z: 0}
  enableSwitchSync: 0
  switchSyncObjects: []
  isVisible: 1
  isCarriedByPlayer: 0
  physicsOn: 0
  minimumPhysicsTime: 0
  damageEligable: 0
  wasTrigger: 0
  thrownBy: {fileID: 0}
  apartmentPlacementIsValid: 0
  lookAtTarget: {fileID: 0}
  interactionWindow: {fileID: 0}
  isDoor: {fileID: 0}
  isActor: {fileID: 0}
  belongsTo: {fileID: 0}
  isPhone: 0
  phoneReciever: {fileID: 0}
  particleSystemDistance: 20
  willBeSavedWithCity: 0
  willBeSavedWithState: 0
  isMainLight: 0
  debugInteractable: []
  debugAngle: 0
  debugFurnitureAnchorNodePos: {x: 0, y: 0, z: 0}
  debugLocalPos: {x: 0, y: 0, z: 0}
  debugLocalEuler: {x: 0, y: 0, z: 0}
  debugWorldPos: {x: 0, y: 0, z: 0}
  debugInteractablePredictedWorldPos: {x: 0, y: 0, z: 0}
  debugNodeCoord: {x: 0, y: 0, z: 0}
  debugUsagePoint:
    useSetting:
      usageOffset: {x: 0, y: 0, z: 0.35}
      facingOffset: {x: 0, y: 0, z: 0}
      useNodeFloorPosition: 1
      useDoorBehaviour: 0
      useSittingOffset: 0
      useArmsStandingOffset: 0
    useageWorldPosition: {x: 0, y: 0, z: 0}
    worldLookAtPoint: {x: 0, y: 0, z: 0}
    debugDefaultSlot: {fileID: 0}
    debugSlot1: {fileID: 0}
    debugSlot2: {fileID: 0}
    slotLog: []
  debugOwnedBy: {fileID: 0}
  debugWrittenBy: {fileID: 0}
  debugReceivedBy: {fileID: 0}
  debugFurnitureOwnedBy: []
  debugSwitchState: 0
  debugState1: 0
  debugRoom: {fileID: 0}
  debugVent:
    ventID: 0
    ventType: 0
    room: {fileID: 0}
    group: {fileID: 0}
    mapButton: {fileID: 0}
    discovered: 0
    removed: 0
    spawned: {fileID: 0}
    debugNode: {x: 0, y: 0, z: 0}
    debugRoomNode: {x: 0, y: 0, z: 0}
--- !u!205 &2882179148208390047
LODGroup:
  m_ObjectHideFlags: 0
  m_CorrespondingSourceObject: {fileID: 0}
  m_PrefabInstance: {fileID: 0}
  m_PrefabAsset: {fileID: 0}
  m_GameObject: {fileID: 8041040524388600862}
  serializedVersion: 2
  m_LocalReferencePoint: {x: 0, y: -0.1, z: 0}
  m_Size: 0.8
  m_FadeMode: 0
  m_AnimateCrossFading: 0
  m_LastLODIsBillboard: 0
  m_LODs:
  - screenRelativeHeight: 0.01
    fadeTransitionWidth: 0
    renderers:
    - renderer: {fileID: 8401324027097624011}
  m_Enabled: 1
