%YAML 1.1
%TAG !u! tag:unity3d.com,2011:
--- !u!114 &149219815988963178
MonoBehaviour:
  m_ObjectHideFlags: 0
  m_CorrespondingSourceObject: {fileID: 0}
  m_PrefabInstance: {fileID: 0}
  m_PrefabAsset: {fileID: 0}
  m_GameObject: {fileID: 5962126713044285346}
  m_Enabled: 1
  m_EditorHideFlags: 0
  m_Script: {fileID: 11500000, guid: 8a054274092705d47b8cc27f27aab3bc, type: 3}
  m_Name: 
  m_EditorClassIdentifier: 
  dataContainer:
    objectsHistory:
      gameObject: {fileID: 0}
      undoOperations: []
      redoOperations: []
    objectMeshPairs:
      _Buckets: ffffffffffffffff00000000
      _HashCodes: 86e49e7f0000000000000000
      _Next: ffffffff0000000000000000
      _Count: 1
      _Version: 1
      _FreeList: -1
      _FreeCount: 0
      _Keys:
      - {fileID: 5962126713044285346}
      - {fileID: 0}
      - {fileID: 0}
      _Values:
      - attachedToMeshFilter: 1
        mesh: {fileID: -8172083879776864578, guid: 96e7db40a8a2f424986f9e55a1ddd890,
          type: 3}
      - attachedToMeshFilter: 0
        mesh: {fileID: 0}
      - attachedToMeshFilter: 0
        mesh: {fileID: 0}
    currentLodLevelSettings:
    - reductionStrength: 0
      transitionHeight: 0.6
      preserveUVFoldover: 0
      preserveUVSeams: 0
      preserveBorders: 0
      useEdgeSort: 1
      recalculateNormals: 0
      aggressiveness: 7
      maxIterations: 100
      regardCurvature: 0
      regardTolerance: 0
      combineMeshes: 0
      simplificationOptionsFoldout: 0
      intensityFoldout: 0
      sphereIntensities: []
    - reductionStrength: 50
      transitionHeight: 0.4
      preserveUVFoldover: 0
      preserveUVSeams: 1
      preserveBorders: 0
      useEdgeSort: 1
      recalculateNormals: 1
      aggressiveness: 7
      maxIterations: 100
      regardCurvature: 1
      regardTolerance: 0
      combineMeshes: 0
      simplificationOptionsFoldout: 1
      intensityFoldout: 0
      sphereIntensities: []
    toleranceSpheres: []
    lodBackup:
      originalRenderers: []
      lodParentObject: {fileID: 9186335957487533816}
    textureArraysSettings:
      diffuseArraySettings:
        resolution:
          width: 512
          height: 512
        filteringMode: 0
        compressionType: 0
        compressionQuality: 1
        anisotropicFilteringLevel: 1
        choiceResolutionW: 4
        choiceResolutionH: 4
        choiceFilteringMode: 0
        choiceCompressionQuality: 1
        choiceCompressionType: 0
      metallicArraySettings:
        resolution:
          width: 512
          height: 512
        filteringMode: 0
        compressionType: 0
        compressionQuality: 1
        anisotropicFilteringLevel: 1
        choiceResolutionW: 4
        choiceResolutionH: 4
        choiceFilteringMode: 0
        choiceCompressionQuality: 1
        choiceCompressionType: 0
      specularArraySettings:
        resolution:
          width: 512
          height: 512
        filteringMode: 0
        compressionType: 0
        compressionQuality: 1
        anisotropicFilteringLevel: 1
        choiceResolutionW: 4
        choiceResolutionH: 4
        choiceFilteringMode: 0
        choiceCompressionQuality: 1
        choiceCompressionType: 0
      normalArraySettings:
        resolution:
          width: 512
          height: 512
        filteringMode: 0
        compressionType: 0
        compressionQuality: 1
        anisotropicFilteringLevel: 1
        choiceResolutionW: 4
        choiceResolutionH: 4
        choiceFilteringMode: 0
        choiceCompressionQuality: 1
        choiceCompressionType: 0
      heightArraySettings:
        resolution:
          width: 512
          height: 512
        filteringMode: 0
        compressionType: 0
        compressionQuality: 1
        anisotropicFilteringLevel: 1
        choiceResolutionW: 4
        choiceResolutionH: 4
        choiceFilteringMode: 0
        choiceCompressionQuality: 1
        choiceCompressionType: 0
      occlusionArraySettings:
        resolution:
          width: 512
          height: 512
        filteringMode: 0
        compressionType: 0
        compressionQuality: 1
        anisotropicFilteringLevel: 1
        choiceResolutionW: 4
        choiceResolutionH: 4
        choiceFilteringMode: 0
        choiceCompressionQuality: 1
        choiceCompressionType: 0
      emissiveArraySettings:
        resolution:
          width: 512
          height: 512
        filteringMode: 0
        compressionType: 0
        compressionQuality: 1
        anisotropicFilteringLevel: 1
        choiceResolutionW: 4
        choiceResolutionH: 4
        choiceFilteringMode: 0
        choiceCompressionQuality: 1
        choiceCompressionType: 0
      detailMaskArraySettings:
        resolution:
          width: 512
          height: 512
        filteringMode: 0
        compressionType: 0
        compressionQuality: 1
        anisotropicFilteringLevel: 1
        choiceResolutionW: 4
        choiceResolutionH: 4
        choiceFilteringMode: 0
        choiceCompressionQuality: 1
        choiceCompressionType: 0
      detailAlbedoArraySettings:
        resolution:
          width: 512
          height: 512
        filteringMode: 0
        compressionType: 0
        compressionQuality: 1
        anisotropicFilteringLevel: 1
        choiceResolutionW: 4
        choiceResolutionH: 4
        choiceFilteringMode: 0
        choiceCompressionQuality: 1
        choiceCompressionType: 0
      detailNormalArraySettings:
        resolution:
          width: 512
          height: 512
        filteringMode: 0
        compressionType: 0
        compressionQuality: 1
        anisotropicFilteringLevel: 1
        choiceResolutionW: 4
        choiceResolutionH: 4
        choiceFilteringMode: 0
        choiceCompressionQuality: 1
        choiceCompressionType: 0
    materialsToRestore: []
    lastObjMaterialLinks: {fileID: 0}
    relocateMaterialLinks: 0
    reInitializeTempMatProps: 0
    choiceTextureMap: 0
    choiceDiffuseColorSpace: 0
    batchFewSavePath: 
    existingTextureArrays: []
    existingTextureArraysFoldout: 0
    existingTextureArraysSize: 0
    textureArraysPropsFoldout: 0
    existingArraysProps:
      resolution:
        width: 0
        height: 0
      filteringMode: 0
      compressionType: 0
      compressionQuality: 0
      anisotropicFilteringLevel: 0
      choiceResolutionW: 0
      choiceResolutionH: 0
      choiceFilteringMode: 0
      choiceCompressionQuality: 0
      choiceCompressionType: 0
    choiceColorSpace: 0
    preserveBorders: 0
    preserveUVSeams: 1
    preserveUVFoldover: 0
    useEdgeSort: 1
    recalculateNormals: 1
    maxIterations: 100
    aggressiveness: 7
    regardCurvature: 1
    considerChildren: 0
    isPreservationActive: 0
    sphereDiameter: 0.5
    oldSphereScale: {x: 0, y: 0, z: 0}
    reductionStrength: 0
    reductionPending: 0
    prevFeasibleTarget: {fileID: 0}
    runOnThreads: 0
    triangleCount: 786
    lastDrawer: {fileID: 0}
    foldoutAutoLOD: 0
    foldoutBatchFew: 0
    foldoutAutoLODMultiple: 0
    objPositionPrevFrame: {x: 0, y: 0, z: 0}
    objScalePrevFrame: {x: 1, y: 1, z: 1}
    considerChildrenBatchFew: 1
    autoLODSavePath: 
    foldoutAdditionalOpts: 0
    generateUV2LODs: 0
    copyParentStaticFlags: 0
    copyParentTag: 0
    copyParentLayer: 0
    createAsChildren: 0
    removeLODBackupComponent: 0
    generateUV2batchfew: 0
    removeMaterialLinksComponent: 0
    clearBlendshapesComplete: 0
    clearBlendshapesNormals: 0
    clearBlendshapesTangents: 0
    isPlainSkin: 0
--- !u!205 &682047264718502777
LODGroup:
  m_ObjectHideFlags: 0
  m_CorrespondingSourceObject: {fileID: 0}
  m_PrefabInstance: {fileID: 0}
  m_PrefabAsset: {fileID: 0}
  m_GameObject: {fileID: 5962126713044285346}
  serializedVersion: 2
  m_LocalReferencePoint: {x: 0, y: 0.13499999, z: 0.007499993}
  m_Size: 0.53999996
  m_FadeMode: 0
  m_AnimateCrossFading: 0
  m_LastLODIsBillboard: 0
  m_LODs:
  - screenRelativeHeight: 0.6
    fadeTransitionWidth: 0
    renderers:
    - renderer: {fileID: 5368691684870521726}
  - screenRelativeHeight: 0.4
    fadeTransitionWidth: 0
    renderers:
    - renderer: {fileID: 5601136194147853574}
  m_Enabled: 1
--- !u!1 &2622244671701166458
GameObject:
  m_ObjectHideFlags: 0
  m_CorrespondingSourceObject: {fileID: 0}
  m_PrefabInstance: {fileID: 0}
  m_PrefabAsset: {fileID: 0}
  serializedVersion: 6
  m_Component:
  - component: {fileID: 5784526536881957875}
  - component: {fileID: 6117785233581043166}
  - component: {fileID: 5601136194147853574}
  m_Layer: 0
  m_Name: 000_static_MaleUpperTorsoAverageBlueStripe
  m_TagString: Untagged
  m_Icon: {fileID: 0}
  m_NavMeshLayer: 0
  m_StaticEditorFlags: 0
  m_IsActive: 1
--- !u!4 &5784526536881957875
Transform:
  m_ObjectHideFlags: 0
  m_CorrespondingSourceObject: {fileID: 0}
  m_PrefabInstance: {fileID: 0}
  m_PrefabAsset: {fileID: 0}
  m_GameObject: {fileID: 2622244671701166458}
  m_LocalRotation: {x: -0, y: -0, z: -0, w: 1}
  m_LocalPosition: {x: 0, y: 0, z: 0}
  m_LocalScale: {x: 1, y: 1, z: 1}
  m_Children: []
  m_Father: {fileID: 4824786927958732815}
  m_RootOrder: 0
  m_LocalEulerAnglesHint: {x: 0, y: 0, z: 0}
--- !u!33 &6117785233581043166
MeshFilter:
  m_ObjectHideFlags: 0
  m_CorrespondingSourceObject: {fileID: 0}
  m_PrefabInstance: {fileID: 0}
  m_PrefabAsset: {fileID: 0}
  m_GameObject: {fileID: 2622244671701166458}
  m_Mesh: {fileID: 4300000, guid: 11f102bd153ea6242b844aa06aa725c3, type: 2}
--- !u!23 &5601136194147853574
MeshRenderer:
  m_ObjectHideFlags: 0
  m_CorrespondingSourceObject: {fileID: 0}
  m_PrefabInstance: {fileID: 0}
  m_PrefabAsset: {fileID: 0}
  m_GameObject: {fileID: 2622244671701166458}
  m_Enabled: 1
  m_CastShadows: 1
  m_ReceiveShadows: 1
  m_DynamicOccludee: 1
  m_StaticShadowCaster: 0
  m_MotionVectors: 1
  m_LightProbeUsage: 1
  m_ReflectionProbeUsage: 1
  m_RayTracingMode: 2
  m_RayTraceProcedural: 0
  m_RenderingLayerMask: 257
  m_RendererPriority: 0
  m_Materials:
  - {fileID: 2100000, guid: 88960dc09205ae840a5f89a3df4ea048, type: 2}
  m_StaticBatchInfo:
    firstSubMesh: 0
    subMeshCount: 0
  m_StaticBatchRoot: {fileID: 0}
  m_ProbeAnchor: {fileID: 0}
  m_LightProbeVolumeOverride: {fileID: 0}
  m_ScaleInLightmap: 1
  m_ReceiveGI: 1
  m_PreserveUVs: 0
  m_IgnoreNormalsForChartDetection: 0
  m_ImportantGI: 0
  m_StitchLightmapSeams: 1
  m_SelectedEditorRenderState: 3
  m_MinimumChartSize: 4
  m_AutoUVMaxDistance: 0.5
  m_AutoUVMaxAngle: 89
  m_LightmapParameters: {fileID: 0}
  m_SortingLayerID: 0
  m_SortingLayer: 0
  m_SortingOrder: 0
  m_AdditionalVertexStreams: {fileID: 0}
--- !u!1 &5765513967640332910
GameObject:
  m_ObjectHideFlags: 0
  m_CorrespondingSourceObject: {fileID: 0}
  m_PrefabInstance: {fileID: 0}
  m_PrefabAsset: {fileID: 0}
  serializedVersion: 6
  m_Component:
  - component: {fileID: 4824786927958732815}
  m_Layer: 0
  m_Name: Level02
  m_TagString: Untagged
  m_Icon: {fileID: 0}
  m_NavMeshLayer: 0
  m_StaticEditorFlags: 0
  m_IsActive: 1
--- !u!4 &4824786927958732815
Transform:
  m_ObjectHideFlags: 0
  m_CorrespondingSourceObject: {fileID: 0}
  m_PrefabInstance: {fileID: 0}
  m_PrefabAsset: {fileID: 0}
  m_GameObject: {fileID: 5765513967640332910}
  m_LocalRotation: {x: 0, y: 0, z: 0, w: 1}
  m_LocalPosition: {x: 0, y: 0, z: 0}
  m_LocalScale: {x: 1, y: 1, z: 1}
  m_Children:
  - {fileID: 5784526536881957875}
  m_Father: {fileID: 8954639228663001453}
  m_RootOrder: 0
  m_LocalEulerAnglesHint: {x: 0, y: 0, z: 0}
--- !u!1 &9186335957487533816
GameObject:
  m_ObjectHideFlags: 0
  m_CorrespondingSourceObject: {fileID: 0}
  m_PrefabInstance: {fileID: 0}
  m_PrefabAsset: {fileID: 0}
  serializedVersion: 6
  m_Component:
  - component: {fileID: 8954639228663001453}
  m_Layer: 0
  m_Name: (POLY FEW)_LODS-DON'T-DELETE-MANUALLY
  m_TagString: Untagged
  m_Icon: {fileID: 0}
  m_NavMeshLayer: 0
  m_StaticEditorFlags: 0
  m_IsActive: 1
--- !u!4 &8954639228663001453
Transform:
  m_ObjectHideFlags: 0
  m_CorrespondingSourceObject: {fileID: 0}
  m_PrefabInstance: {fileID: 0}
  m_PrefabAsset: {fileID: 0}
  m_GameObject: {fileID: 9186335957487533816}
  m_LocalRotation: {x: 0, y: 0, z: 0, w: 1}
  m_LocalPosition: {x: 0, y: 0, z: 0}
  m_LocalScale: {x: 1, y: 1, z: 1}
  m_Children:
  - {fileID: 4824786927958732815}
  m_Father: {fileID: 7270748722022696369}
  m_RootOrder: 0
  m_LocalEulerAnglesHint: {x: 0, y: 0, z: 0}
--- !u!1001 &2421907174429060779
PrefabInstance:
  m_ObjectHideFlags: 0
  serializedVersion: 2
  m_Modification:
    m_TransformParent: {fileID: 0}
    m_Modifications:
    - target: {fileID: -4216859302048453862, guid: 96e7db40a8a2f424986f9e55a1ddd890,
        type: 3}
      propertyPath: m_RootOrder
      value: 0
      objectReference: {fileID: 0}
    - target: {fileID: -4216859302048453862, guid: 96e7db40a8a2f424986f9e55a1ddd890,
        type: 3}
      propertyPath: m_LocalPosition.x
      value: 0
      objectReference: {fileID: 0}
    - target: {fileID: -4216859302048453862, guid: 96e7db40a8a2f424986f9e55a1ddd890,
        type: 3}
      propertyPath: m_LocalPosition.y
      value: 0
      objectReference: {fileID: 0}
    - target: {fileID: -4216859302048453862, guid: 96e7db40a8a2f424986f9e55a1ddd890,
        type: 3}
      propertyPath: m_LocalPosition.z
      value: 0
      objectReference: {fileID: 0}
    - target: {fileID: -4216859302048453862, guid: 96e7db40a8a2f424986f9e55a1ddd890,
        type: 3}
      propertyPath: m_LocalRotation.w
      value: 1
      objectReference: {fileID: 0}
    - target: {fileID: -4216859302048453862, guid: 96e7db40a8a2f424986f9e55a1ddd890,
        type: 3}
      propertyPath: m_LocalRotation.x
      value: 0
      objectReference: {fileID: 0}
    - target: {fileID: -4216859302048453862, guid: 96e7db40a8a2f424986f9e55a1ddd890,
        type: 3}
      propertyPath: m_LocalRotation.y
      value: -0
      objectReference: {fileID: 0}
    - target: {fileID: -4216859302048453862, guid: 96e7db40a8a2f424986f9e55a1ddd890,
        type: 3}
      propertyPath: m_LocalRotation.z
      value: -0
      objectReference: {fileID: 0}
    - target: {fileID: -4216859302048453862, guid: 96e7db40a8a2f424986f9e55a1ddd890,
        type: 3}
      propertyPath: m_LocalEulerAnglesHint.x
      value: 0
      objectReference: {fileID: 0}
    - target: {fileID: -4216859302048453862, guid: 96e7db40a8a2f424986f9e55a1ddd890,
        type: 3}
      propertyPath: m_LocalEulerAnglesHint.y
      value: 0
      objectReference: {fileID: 0}
    - target: {fileID: -4216859302048453862, guid: 96e7db40a8a2f424986f9e55a1ddd890,
        type: 3}
      propertyPath: m_LocalEulerAnglesHint.z
      value: 0
      objectReference: {fileID: 0}
    - target: {fileID: -1504981713932161579, guid: 96e7db40a8a2f424986f9e55a1ddd890,
        type: 3}
      propertyPath: m_Materials.Array.data[0]
      value: 
      objectReference: {fileID: 2100000, guid: 88960dc09205ae840a5f89a3df4ea048, type: 2}
    - target: {fileID: -927199367670048503, guid: 96e7db40a8a2f424986f9e55a1ddd890,
        type: 3}
      propertyPath: m_Name
      value: MaleUpperTorsoAverageBlueStripe
      objectReference: {fileID: 0}
    m_RemovedComponents:
    - {fileID: -6860895033569716450, guid: 96e7db40a8a2f424986f9e55a1ddd890, type: 3}
  m_SourcePrefab: {fileID: 100100000, guid: 96e7db40a8a2f424986f9e55a1ddd890, type: 3}
--- !u!1 &5962126713044285346 stripped
GameObject:
  m_CorrespondingSourceObject: {fileID: -927199367670048503, guid: 96e7db40a8a2f424986f9e55a1ddd890,
    type: 3}
  m_PrefabInstance: {fileID: 2421907174429060779}
  m_PrefabAsset: {fileID: 0}
--- !u!4 &7270748722022696369 stripped
Transform:
  m_CorrespondingSourceObject: {fileID: -4216859302048453862, guid: 96e7db40a8a2f424986f9e55a1ddd890,
    type: 3}
  m_PrefabInstance: {fileID: 2421907174429060779}
  m_PrefabAsset: {fileID: 0}
--- !u!23 &5368691684870521726 stripped
MeshRenderer:
  m_CorrespondingSourceObject: {fileID: -1504981713932161579, guid: 96e7db40a8a2f424986f9e55a1ddd890,
    type: 3}
  m_PrefabInstance: {fileID: 2421907174429060779}
  m_PrefabAsset: {fileID: 0}
